<?xml version="1.0" encoding="UTF-8"?>
<!DOCTYPE html PUBLIC "-//W3C//DTD XHTML 1.0 Transitional//EN"
    "http://www.w3.org/TR/xhtml1/DTD/xhtml1-transitional.dtd">
<html xmlns="http://www.w3.org/1999/xhtml" xml:lang="en" lang="en">
 <head>
  <title>
</title>
<meta http-equiv="Content-Type" content="text/html;charset=utf-8" />
  <meta name='ocr-system' content='tesseract 3.04.00' />
  <meta name='ocr-capabilities' content='ocr_page ocr_carea ocr_par ocr_line ocrx_word'/>
</head>
<body>
  <div class='ocr_page' id='page_1' title='image "./richerihistoria01richgoog_0158.png"; bbox 0 0 2820 4824; ppageno 0'>
   <div class='ocr_carea' id='block_1_1' title="bbox 339 369 1214 422">
    <p class='ocr_par' dir='ltr' id='par_1_1' title="bbox 339 369 1214 422">
     <span class='ocr_line' id='line_1_1' title="bbox 339 369 1214 422; baseline 0.001 -2"><span class='ocrx_word' id='word_1_1' title='bbox 339 369 490 420; x_wconf 80' lang='lat' dir='ltr'>RICHRRI</span> <span class='ocrx_word' id='word_1_2' title='bbox 508 369 760 421; x_wconf 84' lang='lat' dir='ltr'>HISTORIARUM</span> <span class='ocrx_word' id='word_1_3' title='bbox 779 370 890 422; x_wconf 85' lang='lat' dir='ltr'>LIBER</span> <span class='ocrx_word' id='word_1_4' title='bbox 909 372 977 422; x_wconf 90' lang='lat'><em>1111.</em></span> <span class='ocrx_word' id='word_1_5' title='bbox 1164 373 1214 422; x_wconf 87' lang='lat'>141</span> 
     </span>
    </p>
   </div>
   <div class='ocr_carea' id='block_1_2' title="bbox 442 535 873 602">
    <p class='ocr_par' dir='ltr' id='par_1_2' title="bbox 442 535 873 602">
     <span class='ocr_line' id='line_1_2' title="bbox 442 535 873 602; baseline 0.009 -4"><span class='ocrx_word' id='word_1_6' title='bbox 442 535 493 600; x_wconf 76' lang='lat'>28.</span> <span class='ocrx_word' id='word_1_7' title='bbox 535 535 696 599; x_wconf 91' lang='lat' dir='ltr'>Promotio</span> <span class='ocrx_word' id='word_1_8' title='bbox 718 535 873 602; x_wconf 61' lang='lat' dir='ltr'>Arnulfir.</span> 
     </span>
    </p>
   </div>
   <div class='ocr_carea' id='block_1_3' title="bbox 73 637 1339 2618">
    <p class='ocr_par' dir='ltr' id='par_1_3' title="bbox 73 637 1339 1391">
     <span class='ocr_line' id='line_1_3' title="bbox 184 637 1275 722; baseline 0.001 -21"><span class='ocrx_word' id='word_1_9' title='bbox 184 638 256 701; x_wconf 83' lang='lat' dir='ltr'>Rex</span> <span class='ocrx_word' id='word_1_10' title='bbox 285 637 403 700; x_wconf 86' lang='lat' dir='ltr'>civium</span> <span class='ocrx_word' id='word_1_11' title='bbox 429 637 618 700; x_wconf 82' lang='lat' dir='ltr'>sententiam</span> <span class='ocrx_word' id='word_1_12' title='bbox 646 637 813 722; x_wconf 82' lang='lat' dir='ltr'>approbat,</span> <span class='ocrx_word' id='word_1_13' title='bbox 842 648 877 702; x_wconf 91' lang='lat' dir='ltr'>ut</span> <span class='ocrx_word' id='word_1_14' title='bbox 906 660 1012 703; x_wconf 86' lang='lat' dir='ltr'>coram</span> <span class='ocrx_word' id='word_1_15' title='bbox 1042 638 1216 703; x_wconf 88' lang='lat' dir='ltr'>deliberent</span> <span class='ocrx_word' id='word_1_16' title='bbox 1225 657 1275 698; x_wconf 77' lang='lat'>9⁸⁹.</span> 
     </span>
     <span class='ocr_line' id='line_1_4' title="bbox 73 719 1216 807; baseline 0.001 -23"><span class='ocrx_word' id='word_1_17' title='bbox 73 719 198 784; x_wconf 77' lang='lat' dir='ltr'>iubet.</span> <span class='ocrx_word' id='word_1_18' title='bbox 241 720 392 784; x_wconf 81' lang='lat' dir='ltr'><strong>Rationes</strong></span> <span class='ocrx_word' id='word_1_19' title='bbox 415 740 523 782; x_wconf 90' lang='lat' dir='ltr'>coram</span> <span class='ocrx_word' id='word_1_20' title='bbox 545 720 719 804; x_wconf 79' lang='lat' dir='ltr'>dispositae</span> <span class='ocrx_word' id='word_1_21' title='bbox 742 731 823 786; x_wconf 90' lang='lat' dir='ltr'>sunt.</span> <span class='ocrx_word' id='word_1_22' title='bbox 856 722 1028 786; x_wconf 80' lang='lat' dir='ltr'>Amulium</span> <span class='ocrx_word' id='word_1_23' title='bbox 1048 723 1165 807; x_wconf 87' lang='lat' dir='ltr'>itaque,</span> <span class='ocrx_word' id='word_1_24' title='bbox 1188 725 1216 786; x_wconf 90' lang='lat' dir='ltr'>si</span> 
     </span>
     <span class='ocr_line' id='line_1_5' title="bbox 123 801 1339 888; baseline -0.002 -22"><span class='ocrx_word' id='word_1_25' title='bbox 123 803 188 866; x_wconf 92' lang='lat' dir='ltr'>uod</span> <span class='ocrx_word' id='word_1_26' title='bbox 214 803 349 888; x_wconf 84' lang='lat' dir='ltr'>spondet</span> <span class='ocrx_word' id='word_1_27' title='bbox 378 801 509 883; x_wconf 89' lang='lat' dir='ltr'>*faciat,</span> <span class='ocrx_word' id='word_1_28' title='bbox 539 802 672 888; x_wconf 90' lang='lat' dir='ltr'>dignum</span> <span class='ocrx_word' id='word_1_29' title='bbox 703 827 827 869; x_wconf 90' lang='lat' dir='ltr'>summo</span> <span class='ocrx_word' id='word_1_30' title='bbox 860 805 1036 870; x_wconf 89' lang='lat' dir='ltr'>sacerdotio</span> <span class='ocrx_word' id='word_1_31' title='bbox 1063 815 1281 870; x_wconf 57' lang='lat' dir='ltr'>asserrmtxrs.</span> <span class='ocrx_word' id='word_1_32' title='bbox 1294 822 1339 865; x_wconf 75' lang='lat' dir='ltr'>rr.</span> 
     </span>
     <span class='ocr_line' id='line_1_6' title="bbox 97 827 1217 972; baseline 0.003 -22"><span class='ocrx_word' id='word_1_33' title='bbox 97 827 212 971; x_wconf 69' lang='lat' dir='ltr'>ltaque</span> <span class='ocrx_word' id='word_1_34' title='bbox 239 896 373 950; x_wconf 83' lang='lat' dir='ltr'>vocatus</span> <span class='ocrx_word' id='word_1_35' title='bbox 407 896 438 950; x_wconf 89' lang='lat' dir='ltr'>et</span> <span class='ocrx_word' id='word_1_36' title='bbox 464 895 536 950; x_wconf 89' lang='lat' dir='ltr'>ante</span> <span class='ocrx_word' id='word_1_37' title='bbox 565 908 673 972; x_wconf 88' lang='lat' dir='ltr'>regem</span> <span class='ocrx_word' id='word_1_38' title='bbox 702 887 858 952; x_wconf 92' lang='lat' dir='ltr'>admissus</span> <span class='ocrx_word' id='word_1_39' title='bbox 888 898 944 954; x_wconf 89' lang='lat' dir='ltr'>est.</span> <span class='ocrx_word' id='word_1_40' title='bbox 995 889 1060 968; x_wconf 75' lang='lat' dir='ltr'>Qui</span> <span class='ocrx_word' id='word_1_41' title='bbox 1085 889 1125 953; x_wconf 88' lang='lat' dir='ltr'>de</span> <span class='ocrx_word' id='word_1_42' title='bbox 1154 889 1217 953; x_wconf 90' lang='lat' dir='ltr'>fide</span> 
     </span>
     <span class='ocr_line' id='line_1_7' title="bbox 98 968 1215 1054; baseline 0.002 -20"><span class='ocrx_word' id='word_1_43' title='bbox 98 968 247 1035; x_wconf 89' lang='lat' dir='ltr'>habenda</span> <span class='ocrx_word' id='word_1_44' title='bbox 262 992 338 1053; x_wconf 86' lang='lat' dir='ltr'>erga</span> <span class='ocrx_word' id='word_1_45' title='bbox 352 991 460 1054; x_wconf 86' lang='lat' dir='ltr'>regem</span> <span class='ocrx_word' id='word_1_46' title='bbox 478 970 666 1051; x_wconf 84' lang='lat' dir='ltr'>sciscitatus,</span> <span class='ocrx_word' id='word_1_47' title='bbox 682 970 723 1034; x_wconf 87' lang='lat' dir='ltr'>ad</span> <span class='ocrx_word' id='word_1_48' title='bbox 739 973 880 1035; x_wconf 91' lang='lat' dir='ltr'>omnium</span> <span class='ocrx_word' id='word_1_49' title='bbox 894 983 970 1037; x_wconf 86' lang='lat' dir='ltr'>vota</span> <span class='ocrx_word' id='word_1_50' title='bbox 983 971 1215 1036; x_wconf 88' lang='lat' dir='ltr'>modestissime</span> 
     </span>
     <span class='ocr_line' id='line_1_8' title="bbox 97 1052 1214 1140; baseline 0.001 -24"><span class='ocrx_word' id='word_1_51' title='bbox 97 1053 272 1138; x_wconf 89' lang='lat' dir='ltr'>respondit.</span> <span class='ocrx_word' id='word_1_52' title='bbox 316 1052 369 1116; x_wconf 84' lang='lat' dir='ltr'>Ad</span> <span class='ocrx_word' id='word_1_53' title='bbox 391 1053 579 1117; x_wconf 89' lang='lat' dir='ltr'>coenobium</span> <span class='ocrx_word' id='word_1_54' title='bbox 602 1075 677 1138; x_wconf 89' lang='lat' dir='ltr'>ergo</span> <span class='ocrx_word' id='word_1_55' title='bbox 700 1054 928 1119; x_wconf 87' lang='lat' dir='ltr'>monachorum</span> <span class='ocrx_word' id='word_1_56' title='bbox 950 1057 1051 1120; x_wconf 88' lang='lat' dir='ltr'>saneti</span> <span class='ocrx_word' id='word_1_57' title='bbox 1065 1057 1214 1140; x_wconf 81' lang='lat' dir='ltr'>Remigii,</span> 
     </span>
     <span class='ocr_line' id='line_1_9' title="bbox 96 1135 1215 1222; baseline 0.002 -22"><span class='ocrx_word' id='word_1_58' title='bbox 96 1136 186 1222; x_wconf 89' lang='lat' dir='ltr'>quod</span> <span class='ocrx_word' id='word_1_59' title='bbox 207 1136 249 1200; x_wconf 90' lang='lat' dir='ltr'>ab</span> <span class='ocrx_word' id='word_1_60' title='bbox 271 1136 349 1200; x_wconf 90' lang='lat' dir='ltr'>urbe</span> <span class='ocrx_word' id='word_1_61' title='bbox 370 1158 434 1199; x_wconf 94' lang='lat' dir='ltr'>uno</span> <span class='ocrx_word' id='word_1_62' title='bbox 456 1135 590 1199; x_wconf 89' lang='lat' dir='ltr'>miliario</span> <span class='ocrx_word' id='word_1_63' title='bbox 616 1137 712 1200; x_wconf 91' lang='lat' dir='ltr'>situm</span> <span class='ocrx_word' id='word_1_64' title='bbox 742 1149 798 1219; x_wconf 91' lang='lat' dir='ltr'>est,</span> <span class='ocrx_word' id='word_1_65' title='bbox 827 1140 883 1204; x_wconf 91' lang='lat' dir='ltr'>ubi</span> <span class='ocrx_word' id='word_1_66' title='bbox 910 1139 1065 1203; x_wconf 88' lang='lat' dir='ltr'>ordinatio</span> <span class='ocrx_word' id='word_1_67' title='bbox 1094 1163 1111 1204; x_wconf 94' lang='lat' dir='ltr'>e</span> <span class='ocrx_word' id='word_1_68' title='bbox 1135 1140 1215 1202; x_wconf 91' lang='lat' dir='ltr'>isco-</span> 
     </span>
     <span class='ocr_line' id='line_1_10' title="bbox 96 1218 1214 1306; baseline 0.001 -22"><span class='ocrx_word' id='word_1_69' title='bbox 96 1241 213 1306; x_wconf 93' lang='lat' dir='ltr'>porum</span> <span class='ocrx_word' id='word_1_70' title='bbox 234 1242 277 1283; x_wconf 79' lang='lat' dir='ltr'>ex</span> <span class='ocrx_word' id='word_1_71' title='bbox 299 1220 428 1304; x_wconf 90' lang='lat' dir='ltr'>antiquo</span> <span class='ocrx_word' id='word_1_72' title='bbox 449 1218 597 1283; x_wconf 87' lang='lat' dir='ltr'>habenda</span> <span class='ocrx_word' id='word_1_73' title='bbox 619 1231 676 1302; x_wconf 91' lang='lat' dir='ltr'>est,</span> <span class='ocrx_word' id='word_1_74' title='bbox 699 1244 719 1284; x_wconf 89' lang='lat' dir='ltr'>a</span> <span class='ocrx_word' id='word_1_75' title='bbox 739 1243 815 1306; x_wconf 87' lang='lat' dir='ltr'>rege</span> <span class='ocrx_word' id='word_1_76' title='bbox 837 1232 868 1286; x_wconf 89' lang='lat' dir='ltr'>et</span> <span class='ocrx_word' id='word_1_77' title='bbox 910 1223 1077 1287; x_wconf 89' lang='lat' dir='ltr'>rimatibus</span> <span class='ocrx_word' id='word_1_78' title='bbox 1122 1221 1214 1286; x_wconf 90' lang='lat' dir='ltr'>educ-</span> 
     </span>
     <span class='ocr_line' id='line_1_11' title="bbox 96 1245 1215 1391; baseline 0.001 -23"><span class='ocrx_word' id='word_1_79' title='bbox 96 1315 149 1368; x_wconf 87' lang='lat' dir='ltr'>tus</span> <span class='ocrx_word' id='word_1_80' title='bbox 171 1313 227 1368; x_wconf 89' lang='lat' dir='ltr'>est.</span> <span class='ocrx_word' id='word_1_81' title='bbox 268 1302 335 1367; x_wconf 88' lang='lat' dir='ltr'>Ubi</span> <span class='ocrx_word' id='word_1_82' title='bbox 356 1324 415 1366; x_wconf 86' lang='lat' dir='ltr'>rex</span> <span class='ocrx_word' id='word_1_83' title='bbox 436 1325 509 1366; x_wconf 91' lang='lat' dir='ltr'>eum</span> <span class='ocrx_word' id='word_1_84' title='bbox 530 1325 660 1366; x_wconf 89' lang='lat' dir='ltr'>suorum</span> <span class='ocrx_word' id='word_1_85' title='bbox 673 1304 796 1368; x_wconf 91' lang='lat' dir='ltr'>medius</span> <span class='ocrx_word' id='word_1_86' title='bbox 811 1245 972 1387; x_wconf 60' lang='lat' dir='ltr'>resideret,</span> <span class='ocrx_word' id='word_1_87' title='bbox 995 1314 1069 1391; x_wconf 91' lang='lat' dir='ltr'>post</span> <span class='ocrx_word' id='word_1_88' title='bbox 1083 1304 1215 1369; x_wconf 88' lang='lat' dir='ltr'>consilia</span> 
     </span>
    </p>

    <p class='ocr_par' dir='ltr' id='par_1_4' title="bbox 87 1384 1321 2618">
     <span class='ocr_line' id='line_1_12' title="bbox 96 1384 1214 1474; baseline 0.003 -25"><span class='ocrx_word' id='word_1_89' title='bbox 96 1408 117 1449; x_wconf 88' lang='lat' dir='ltr'>a</span> <span class='ocrx_word' id='word_1_90' title='bbox 142 1385 187 1449; x_wconf 89' lang='lat' dir='ltr'>ud</span> <span class='ocrx_word' id='word_1_91' title='bbox 212 1409 286 1450; x_wconf 92' lang='lat' dir='ltr'>suos</span> <span class='ocrx_word' id='word_1_92' title='bbox 312 1386 462 1450; x_wconf 78' lang='lat' dir='ltr'>secessim</span> <span class='ocrx_word' id='word_1_93' title='bbox 488 1384 608 1469; x_wconf 88' lang='lat' dir='ltr'>habita,</span> <span class='ocrx_word' id='word_1_94' title='bbox 634 1386 758 1452; x_wconf 87' lang='lat' dir='ltr'>liberali</span> <span class='ocrx_word' id='word_1_95' title='bbox 785 1387 910 1474; x_wconf 89' lang='lat' dir='ltr'>eloquio</span> <span class='ocrx_word' id='word_1_96' title='bbox 937 1391 984 1453; x_wconf 88' lang='lat' dir='ltr'>sic</span> <span class='ocrx_word' id='word_1_97' title='bbox 1010 1389 1123 1454; x_wconf 88' lang='lat' dir='ltr'>affatus</span> <span class='ocrx_word' id='word_1_98' title='bbox 1150 1398 1214 1453; x_wconf 90' lang='lat' dir='ltr'>est:</span> 
     </span>
     <span class='ocr_line' id='line_1_13' title="bbox 96 1409 1213 1553; baseline 0.001 -19"><span class='ocrx_word' id='word_1_99' title='bbox 96 1409 214 1534; x_wconf 61' lang='lat' dir='ltr'>‘llivae</span> <span class='ocrx_word' id='word_1_100' title='bbox 235 1469 427 1534; x_wconf 71' lang='lat' dir='ltr'>memoriael</span> <span class='ocrx_word' id='word_1_101' title='bbox 443 1468 617 1548; x_wconf 79' lang='lat' dir='ltr'>LudovicO,</span> <span class='ocrx_word' id='word_1_102' title='bbox 639 1470 782 1534; x_wconf 87' lang='lat' dir='ltr'>Letharii</span> <span class='ocrx_word' id='word_1_103' title='bbox 802 1471 878 1551; x_wconf 90' lang='lat' dir='ltr'>filio,</span> <span class='ocrx_word' id='word_1_104' title='bbox 900 1472 971 1536; x_wconf 92' lang='lat' dir='ltr'>orbi</span> <span class='ocrx_word' id='word_1_105' title='bbox 992 1473 1163 1553; x_wconf 89' lang='lat' dir='ltr'>subtracto,</span> <span class='ocrx_word' id='word_1_106' title='bbox 1185 1473 1213 1536; x_wconf 91' lang='lat' dir='ltr'>si</span> 
     </span>
     <span class='ocr_line' id='line_1_14' title="bbox 95 1552 1214 1640; baseline 0 -22"><span class='ocrx_word' id='word_1_107' title='bbox 95 1552 202 1639; x_wconf 92' lang='lat' dir='ltr'>proles</span> <span class='ocrx_word' id='word_1_108' title='bbox 224 1552 439 1639; x_wconf 77' lang='lat' dir='ltr'>superfuisset,</span> <span class='ocrx_word' id='word_1_109' title='bbox 462 1575 532 1616; x_wconf 91' lang='lat' dir='ltr'>eam</span> <span class='ocrx_word' id='word_1_110' title='bbox 555 1553 616 1618; x_wconf 90' lang='lat' dir='ltr'>sibi</span> <span class='ocrx_word' id='word_1_111' title='bbox 632 1555 832 1637; x_wconf 86' lang='lat' dir='ltr'>successisse,</span> <span class='ocrx_word' id='word_1_112' title='bbox 855 1555 987 1640; x_wconf 88' lang='lat' dir='ltr'>dignum</span> <span class='ocrx_word' id='word_1_113' title='bbox 1002 1555 1091 1619; x_wconf 89' lang='lat' dir='ltr'>foret.</span> <span class='ocrx_word' id='word_1_114' title='bbox 1130 1555 1214 1633; x_wconf 78' lang='lat' dir='ltr'>Quia</span> 
     </span>
     <span class='ocr_line' id='line_1_15' title="bbox 94 1638 1321 1725; baseline 0.001 -24"><span class='ocrx_word' id='word_1_115' title='bbox 94 1659 173 1701; x_wconf 90' lang='lat' dir='ltr'>vero</span> <span class='ocrx_word' id='word_1_116' title='bbox 195 1638 303 1721; x_wconf 86' lang='lat' dir='ltr'>regiae</span> <span class='ocrx_word' id='word_1_117' title='bbox 330 1638 526 1720; x_wconf 87' lang='lat' dir='ltr'>generationi</span> <span class='ocrx_word' id='word_1_118' title='bbox 553 1639 712 1701; x_wconf 87' lang='lat' dir='ltr'>successio</span> <span class='ocrx_word' id='word_1_119' title='bbox 741 1638 828 1702; x_wconf 89' lang='lat' dir='ltr'>nulla</span> <span class='ocrx_word' id='word_1_120' title='bbox 856 1649 913 1722; x_wconf 91' lang='lat' dir='ltr'>est,</span> <span class='ocrx_word' id='word_1_121' title='bbox 940 1639 1037 1725; x_wconf 93' lang='lat' dir='ltr'>idque</span> <span class='ocrx_word' id='word_1_122' title='bbox 1066 1638 1213 1702; x_wconf 89' lang='lat' dir='ltr'>omnibus</span> <span class='ocrx_word' id='word_1_123' title='bbox 1319 1685 1321 1689; x_wconf 60' lang='grc'><strong><em>«</em></strong></span> 
     </span>
     <span class='ocr_line' id='line_1_16' title="bbox 87 1719 1214 1808; baseline 0.003 -25"><span class='ocrx_word' id='word_1_124' title='bbox 87 1722 142 1784; x_wconf 88' lang='lat' dir='ltr'>ita</span> <span class='ocrx_word' id='word_1_125' title='bbox 162 1719 230 1784; x_wconf 90' lang='lat' dir='ltr'>fore</span> <span class='ocrx_word' id='word_1_126' title='bbox 251 1728 348 1804; x_wconf 86' lang='lat' dir='ltr'>patet,</span> <span class='ocrx_word' id='word_1_127' title='bbox 369 1721 467 1784; x_wconf 87' lang='lat' dir='ltr'>vestri</span> <span class='ocrx_word' id='word_1_128' title='bbox 489 1730 750 1807; x_wconf 88' lang='lat' dir='ltr'>caeterorumque</span> <span class='ocrx_word' id='word_1_129' title='bbox 771 1723 963 1808; x_wconf 89' lang='lat' dir='ltr'>principum,</span> <span class='ocrx_word' id='word_1_130' title='bbox 986 1744 1096 1787; x_wconf 92' lang='lat' dir='ltr'>eorum</span> <span class='ocrx_word' id='word_1_131' title='bbox 1118 1723 1214 1786; x_wconf 89' lang='lat' dir='ltr'>etiam</span> 
     </span>
     <span class='ocr_line' id='line_1_17' title="bbox 96 1802 1213 1891; baseline 0.002 -24"><span class='ocrx_word' id='word_1_132' title='bbox 96 1804 207 1889; x_wconf 90' lang='lat' dir='ltr'>quiin</span> <span class='ocrx_word' id='word_1_133' title='bbox 229 1802 358 1866; x_wconf 90' lang='lat' dir='ltr'>mihtari</span> <span class='ocrx_word' id='word_1_134' title='bbox 380 1803 489 1867; x_wconf 89' lang='lat' dir='ltr'>ordine</span> <span class='ocrx_word' id='word_1_135' title='bbox 511 1806 650 1888; x_wconf 90' lang='lat' dir='ltr'>potiores</span> <span class='ocrx_word' id='word_1_136' title='bbox 673 1815 763 1869; x_wconf 90' lang='lat' dir='ltr'>erant</span> <span class='ocrx_word' id='word_1_137' title='bbox 785 1807 913 1891; x_wconf 91' lang='lat' dir='ltr'>optione</span> <span class='ocrx_word' id='word_1_138' title='bbox 932 1828 1038 1870; x_wconf 90' lang='lat' dir='ltr'>assum</span> <span class='ocrx_word' id='word_1_139' title='bbox 1061 1815 1122 1888; x_wconf 91' lang='lat' dir='ltr'>tus,</span> <span class='ocrx_word' id='word_1_140' title='bbox 1143 1827 1213 1890; x_wconf 92' lang='lat' dir='ltr'>pre-</span> 
     </span>
     <span class='ocr_line' id='line_1_18' title="bbox 96 1829 1213 1984; baseline 0.003 -35"><span class='ocrx_word' id='word_1_141' title='bbox 96 1888 213 1951; x_wconf 89' lang='lat' dir='ltr'>mineo.</span> <span class='ocrx_word' id='word_1_142' title='bbox 282 1886 375 1950; x_wconf 87' lang='lat' dir='ltr'>Nune</span> <span class='ocrx_word' id='word_1_143' title='bbox 409 1908 485 1950; x_wconf 91' lang='lat' dir='ltr'>vero</span> <span class='ocrx_word' id='word_1_144' title='bbox 525 1889 675 1984; x_wconf 85' lang='lat' dir='ltr'>quoniam</span> <span class='ocrx_word' id='word_1_145' title='bbox 708 1911 750 1953; x_wconf 85' lang='lat' dir='ltr'>ex</span> <span class='ocrx_word' id='word_1_146' title='bbox 784 1889 868 1954; x_wconf 87' lang='lat' dir='ltr'>linea</span> <span class='ocrx_word' id='word_1_147' title='bbox 904 1890 1004 1974; x_wconf 84' lang='lat' dir='ltr'>regali</span> <span class='ocrx_word' id='word_1_148' title='bbox 1039 1829 1092 1952; x_wconf 78' lang='lat' dir='ltr'>lie</span> <span class='ocrx_word' id='word_1_149' title='bbox 1128 1888 1213 1952; x_wconf 91' lang='lat' dir='ltr'>unde</span> 
     </span>
     <span class='ocr_line' id='line_1_19' title="bbox 96 1969 1213 2055; baseline 0.001 -20"><span class='ocrx_word' id='word_1_150' title='bbox 96 1992 201 2036; x_wconf 87' lang='lat' dir='ltr'>sermo</span> <span class='ocrx_word' id='word_1_151' title='bbox 224 1979 271 2035; x_wconf 89' lang='lat' dir='ltr'>est</span> <span class='ocrx_word' id='word_1_152' title='bbox 292 1969 377 2034; x_wconf 91' lang='lat' dir='ltr'>solus</span> <span class='ocrx_word' id='word_1_153' title='bbox 400 1970 563 2055; x_wconf 77' lang='lat' dir='ltr'>supertmt,</span> <span class='ocrx_word' id='word_1_154' title='bbox 589 1994 629 2036; x_wconf 91' lang='lat' dir='ltr'>ne</span> <span class='ocrx_word' id='word_1_155' title='bbox 650 1973 731 2035; x_wconf 88' lang='lat' dir='ltr'>tanti</span> <span class='ocrx_word' id='word_1_156' title='bbox 775 1973 850 2035; x_wconf 90' lang='lat' dir='ltr'>atris</span> <span class='ocrx_word' id='word_1_157' title='bbox 872 1995 988 2037; x_wconf 92' lang='lat' dir='ltr'>nomen</span> <span class='ocrx_word' id='word_1_158' title='bbox 1010 1971 1115 2036; x_wconf 89' lang='lat' dir='ltr'>adhuc</span> <span class='ocrx_word' id='word_1_159' title='bbox 1137 1971 1213 2036; x_wconf 93' lang='lat' dir='ltr'>obli-</span> 
     </span>
     <span class='ocr_line' id='line_1_20' title="bbox 94 1994 1213 2140; baseline 0.001 -21"><span class='ocrx_word' id='word_1_160' title='bbox 94 2055 190 2119; x_wconf 87' lang='lat' dir='ltr'>vione</span> <span class='ocrx_word' id='word_1_161' title='bbox 217 2053 366 2134; x_wconf 88' lang='lat' dir='ltr'>fuscetur,</span> <span class='ocrx_word' id='word_1_162' title='bbox 395 2052 479 2117; x_wconf 91' lang='lat' dir='ltr'>hunc</span> <span class='ocrx_word' id='word_1_163' title='bbox 506 2056 710 2138; x_wconf 89' lang='lat' dir='ltr'>superstitem</span> <span class='ocrx_word' id='word_1_164' title='bbox 737 1994 870 2119; x_wconf 78' lang='lat' dir='ltr'>alicuius</span> <span class='ocrx_word' id='word_1_165' title='bbox 901 2055 1065 2140; x_wconf 85' lang='lat' dir='ltr'>dignitatis</span> <span class='ocrx_word' id='word_1_166' title='bbox 1093 2054 1213 2120; x_wconf 89' lang='lat' dir='ltr'>honore</span> 
     </span>
     <span class='ocr_line' id='line_1_21' title="bbox 95 2136 1213 2222; baseline -0.002 -20"><span class='ocrx_word' id='word_1_167' title='bbox 95 2160 138 2202; x_wconf 86' lang='lat' dir='ltr'>ex</span> <span class='ocrx_word' id='word_1_168' title='bbox 164 2138 333 2222; x_wconf 89' lang='lat' dir='ltr'>oposcistis</span> <span class='ocrx_word' id='word_1_169' title='bbox 356 2136 476 2200; x_wconf 88' lang='lat' dir='ltr'>donari.</span> <span class='ocrx_word' id='word_1_170' title='bbox 514 2137 549 2202; x_wconf 82' lang='lat' dir='ltr'>si</span> <span class='ocrx_word' id='word_1_171' title='bbox 570 2159 646 2222; x_wconf 89' lang='lat' dir='ltr'>ergo</span> <span class='ocrx_word' id='word_1_172' title='bbox 669 2136 744 2200; x_wconf 88' lang='lat' dir='ltr'>fidei</span> <span class='ocrx_word' id='word_1_173' title='bbox 759 2137 935 2202; x_wconf 88' lang='lat' dir='ltr'>servandae</span> <span class='ocrx_word' id='word_1_174' title='bbox 949 2139 999 2202; x_wconf 91' lang='lat' dir='ltr'>ius</span> <span class='ocrx_word' id='word_1_175' title='bbox 1014 2136 1213 2222; x_wconf 88' lang='lat' dir='ltr'>polliceatur,</span> 
     </span>
     <span class='ocr_line' id='line_1_22' title="bbox 95 2160 1213 2305; baseline -0.003 -19"><span class='ocrx_word' id='word_1_176' title='bbox 95 2160 186 2286; x_wconf 65' lang='lat' dir='ltr'>urhis</span> <span class='ocrx_word' id='word_1_177' title='bbox 207 2221 374 2284; x_wconf 84' lang='lat' dir='ltr'>tuitionem</span> <span class='ocrx_word' id='word_1_178' title='bbox 396 2219 561 2305; x_wconf 90' lang='lat' dir='ltr'>spondeat,</span> <span class='ocrx_word' id='word_1_179' title='bbox 588 2219 733 2284; x_wconf 90' lang='lat' dir='ltr'>hostibus</span> <span class='ocrx_word' id='word_1_180' title='bbox 756 2222 852 2285; x_wconf 90' lang='lat' dir='ltr'>etiam</span> <span class='ocrx_word' id='word_1_181' title='bbox 873 2224 907 2284; x_wconf 93' lang='lat' dir='ltr'>in</span> <span class='ocrx_word' id='word_1_182' title='bbox 927 2220 1014 2284; x_wconf 92' lang='lat' dir='ltr'>nullo</span> <span class='ocrx_word' id='word_1_183' title='bbox 1037 2243 1105 2284; x_wconf 89' lang='lat' dir='ltr'>sese</span> <span class='ocrx_word' id='word_1_184' title='bbox 1127 2242 1213 2283; x_wconf 90' lang='lat' dir='ltr'>com-</span> 
     </span>
     <span class='ocr_line' id='line_1_23' title="bbox 97 2302 1213 2390; baseline -0.003 -22"><span class='ocrx_word' id='word_1_185' title='bbox 97 2305 343 2385; x_wconf 90' lang='lat' dir='ltr'>municaturum,</span> <span class='ocrx_word' id='word_1_186' title='bbox 364 2304 461 2366; x_wconf 91' lang='lat' dir='ltr'>immo</span> <span class='ocrx_word' id='word_1_187' title='bbox 477 2302 547 2366; x_wconf 93' lang='lat' dir='ltr'>illos</span> <span class='ocrx_word' id='word_1_188' title='bbox 561 2304 789 2389; x_wconf 91' lang='lat' dir='ltr'>impetiturum,</span> <span class='ocrx_word' id='word_1_189' title='bbox 805 2306 979 2390; x_wconf 82' lang='lat' dir='ltr'>promittat,</span> <span class='ocrx_word' id='word_1_190' title='bbox 996 2305 1094 2368; x_wconf 85' lang='lat' dir='ltr'>vestri</span> <span class='ocrx_word' id='word_1_191' title='bbox 1108 2302 1213 2367; x_wconf 90' lang='lat' dir='ltr'>iuditii</span> 
     </span>
     <span class='ocr_line' id='line_1_24' title="bbox 96 2385 1213 2473; baseline -0.001 -21"><span class='ocrx_word' id='word_1_192' title='bbox 96 2409 231 2452; x_wconf 86' lang='lat' dir='ltr'>censura</span> <span class='ocrx_word' id='word_1_193' title='bbox 253 2385 427 2450; x_wconf 88' lang='lat' dir='ltr'>concedere</span> <span class='ocrx_word' id='word_1_194' title='bbox 449 2387 479 2450; x_wconf 91' lang='lat' dir='ltr'>ei</span> <span class='ocrx_word' id='word_1_195' title='bbox 501 2387 721 2472; x_wconf 88' lang='lat' dir='ltr'>episcopatum</span> <span class='ocrx_word' id='word_1_196' title='bbox 742 2409 806 2450; x_wconf 93' lang='lat' dir='ltr'>non</span> <span class='ocrx_word' id='word_1_197' title='bbox 828 2388 963 2473; x_wconf 78' lang='lat' dir='ltr'>pigebit3</span> <span class='ocrx_word' id='word_1_198' title='bbox 985 2388 1030 2451; x_wconf 88' lang='lat' dir='ltr'>ita</span> <span class='ocrx_word' id='word_1_199' title='bbox 1050 2397 1158 2451; x_wconf 87' lang='lat' dir='ltr'>tamen</span> <span class='ocrx_word' id='word_1_200' title='bbox 1178 2396 1213 2451; x_wconf 92' lang='lat' dir='ltr'>ut</span> 
     </span>
     <span class='ocr_line' id='line_1_25' title="bbox 96 2469 1211 2618; baseline 0.001 -85"><span class='ocrx_word' id='word_1_201' title='bbox 96 2470 273 2618; x_wconf 56' lang='lat' dir='ltr'>ffindum</span> <span class='ocrx_word' id='word_1_202' title='bbox 305 2469 509 2580; x_wconf 69' lang='lat' dir='ltr'>prudentium</span> <span class='ocrx_word' id='word_1_203' title='bbox 542 2470 772 2536; x_wconf 87' lang='lat' dir='ltr'>ordinationem</span> <span class='ocrx_word' id='word_1_204' title='bbox 804 2471 993 2536; x_wconf 83' lang='lat' dir='ltr'>sacramenti</span> <span class='ocrx_word' id='word_1_205' title='bbox 1025 2471 1211 2534; x_wconf 86' lang='lat' dir='ltr'>auctoritate</span> 
     </span>
    </p>

    <p class='ocr_par' dir='ltr' id='par_1_5' title="bbox 132 2554 422 2618">
     <span class='ocr_line' id='line_1_26' title="bbox 132 2554 422 2618; baseline 0 -2"><span class='ocrx_word' id='word_1_206' title='bbox 132 2556 139 2569; x_wconf 82' lang='lat'>‘</span> <span class='ocrx_word' id='word_1_207' title='bbox 168 2555 175 2569; x_wconf 86' lang='lat'>&#39;</span> <span class='ocrx_word' id='word_1_208' title='bbox 200 2575 341 2618; x_wconf 84' lang='lat' dir='ltr'>conexus</span> <span class='ocrx_word' id='word_1_209' title='bbox 364 2554 422 2616; x_wconf 89' lang='lat' dir='ltr'>sit.</span> 
     </span>
    </p>
   </div>
   <div class='ocr_carea' id='block_1_4' title="bbox 409 2707 899 2794">
    <p class='ocr_par' dir='ltr' id='par_1_6' title="bbox 409 2707 899 2794">
     <span class='ocr_line' id='line_1_27' title="bbox 409 2707 899 2794; baseline -0.004 -21"><span class='ocrx_word' id='word_1_210' title='bbox 409 2709 459 2773; x_wconf 79' lang='lat'>29.</span> <span class='ocrx_word' id='word_1_211' title='bbox 504 2707 714 2794; x_wconf 79' lang='lat' dir='ltr'>Cirographi⁰</span> <span class='ocrx_word' id='word_1_212' title='bbox 736 2709 899 2794; x_wconf 91' lang='lat' dir='ltr'>scriptum.</span> 
     </span>
    </p>
   </div>
   <div class='ocr_carea' id='block_1_5' title="bbox 75 2820 1215 4074">
    <p class='ocr_par' dir='ltr' id='par_1_7' title="bbox 97 2820 1215 3579">
     <span class='ocr_line' id='line_1_28' title="bbox 183 2820 1214 2914; baseline 0 -22"><span class='ocrx_word' id='word_1_213' title='bbox 183 2829 237 2892; x_wconf 84' lang='lat' dir='ltr'>‘Et</span> <span class='ocrx_word' id='word_1_214' title='bbox 257 2838 293 2894; x_wconf 94' lang='lat' dir='ltr'>ut</span> <span class='ocrx_word' id='word_1_215' title='bbox 314 2829 440 2914; x_wconf 90' lang='lat' dir='ltr'>penitus</span> <span class='ocrx_word' id='word_1_216' title='bbox 455 2829 569 2893; x_wconf 89' lang='lat' dir='ltr'>mentis</span> <span class='ocrx_word' id='word_1_217' title='bbox 584 2838 775 2914; x_wconf 91' lang='lat' dir='ltr'>conceptum</span> <span class='ocrx_word' id='word_1_218' title='bbox 789 2829 941 2914; x_wconf 87' lang='lat' dir='ltr'>aperiam,</span> <span class='ocrx_word' id='word_1_219' title='bbox 962 2837 1036 2914; x_wconf 87' lang='lat' dir='ltr'>post</span> <span class='ocrx_word' id='word_1_220' title='bbox 1049 2820 1214 2893; x_wconf 89' lang='lat' dir='ltr'>iurationis</span> 
     </span>
     <span class='ocr_line' id='line_1_29' title="bbox 97 2909 1213 2998; baseline 0 -22"><span class='ocrx_word' id='word_1_221' title='bbox 97 2921 334 2977; x_wconf 85' lang='lat' dir='ltr'>sacramentum</span> <span class='ocrx_word' id='word_1_222' title='bbox 356 2912 580 2997; x_wconf 86' lang='lat' dir='ltr'>cirographum</span> <span class='ocrx_word' id='word_1_223' title='bbox 602 2909 643 2975; x_wconf 89' lang='lat' dir='ltr'>ab</span> <span class='ocrx_word' id='word_1_224' title='bbox 666 2933 704 2976; x_wconf 89' lang='lat' dir='ltr'>eo</span> <span class='ocrx_word' id='word_1_225' title='bbox 732 2911 936 2976; x_wconf 88' lang='lat' dir='ltr'>scribendum</span> <span class='ocrx_word' id='word_1_226' title='bbox 963 2922 1058 2997; x_wconf 87' lang='lat' dir='ltr'>puto;</span> <span class='ocrx_word' id='word_1_227' title='bbox 1091 2912 1125 2975; x_wconf 94' lang='lat' dir='ltr'>in</span> <span class='ocrx_word' id='word_1_228' title='bbox 1151 2934 1213 2998; x_wconf 93' lang='lat' dir='ltr'>quo</span> 
     </span>
     <span class='ocr_line' id='line_1_30' title="bbox 97 2994 1215 3080; baseline 0.001 -21"><span class='ocrx_word' id='word_1_229' title='bbox 97 2994 329 3060; x_wconf 85' lang='lat' dir='ltr'>maledictionis</span> <span class='ocrx_word' id='word_1_230' title='bbox 359 2995 527 3060; x_wconf 86' lang='lat' dir='ltr'>anathema</span> <span class='ocrx_word' id='word_1_231' title='bbox 547 2994 703 3059; x_wconf 88' lang='lat' dir='ltr'>habeatur</span> <span class='ocrx_word' id='word_1_232' title='bbox 722 2994 914 3078; x_wconf 90' lang='lat' dir='ltr'>huiusmodi,</span> <span class='ocrx_word' id='word_1_233' title='bbox 943 2995 1029 3080; x_wconf 92' lang='lat' dir='ltr'>quod</span> <span class='ocrx_word' id='word_1_234' title='bbox 1050 2996 1080 3060; x_wconf 90' lang='lat' dir='ltr'>ei</span> <span class='ocrx_word' id='word_1_235' title='bbox 1100 2997 1215 3080; x_wconf 91' lang='lat' dir='ltr'>impre-</span> 
     </span>
     <span class='ocr_line' id='line_1_31' title="bbox 98 3076 1214 3163; baseline 0 -21"><span class='ocrx_word' id='word_1_236' title='bbox 98 3088 187 3143; x_wconf 90' lang='lat' dir='ltr'>cetur</span> <span class='ocrx_word' id='word_1_237' title='bbox 208 3100 267 3163; x_wconf 91' lang='lat' dir='ltr'>pro</span> <span class='ocrx_word' id='word_1_238' title='bbox 288 3077 433 3143; x_wconf 89' lang='lat' dir='ltr'>felicibus</span> <span class='ocrx_word' id='word_1_239' title='bbox 456 3076 693 3158; x_wconf 89' lang='lat' dir='ltr'>contumeliosa,</span> <span class='ocrx_word' id='word_1_240' title='bbox 721 3099 780 3162; x_wconf 91' lang='lat' dir='ltr'>pro</span> <span class='ocrx_word' id='word_1_241' title='bbox 810 3077 1001 3142; x_wconf 86' lang='lat' dir='ltr'>salutaribus</span> <span class='ocrx_word' id='word_1_242' title='bbox 1030 3079 1214 3163; x_wconf 89' lang='lat' dir='ltr'>pernitiosa,</span> 
     </span>
     <span class='ocr_line' id='line_1_32' title="bbox 97 3161 1213 3247; baseline -0.001 -22"><span class='ocrx_word' id='word_1_243' title='bbox 97 3184 157 3247; x_wconf 91' lang='lat' dir='ltr'>pro</span> <span class='ocrx_word' id='word_1_244' title='bbox 179 3161 320 3227; x_wconf 88' lang='lat' dir='ltr'>honestis</span> <span class='ocrx_word' id='word_1_245' title='bbox 348 3162 464 3247; x_wconf 89' lang='lat' dir='ltr'>turpia,</span> <span class='ocrx_word' id='word_1_246' title='bbox 493 3182 551 3246; x_wconf 91' lang='lat' dir='ltr'>pro</span> <span class='ocrx_word' id='word_1_247' title='bbox 578 3161 783 3226; x_wconf 86' lang='lat' dir='ltr'>diuturnitate</span> <span class='ocrx_word' id='word_1_248' title='bbox 812 3170 978 3245; x_wconf 83' lang='lat' dir='ltr'>punctum,</span> <span class='ocrx_word' id='word_1_249' title='bbox 1007 3181 1066 3244; x_wconf 92' lang='lat' dir='ltr'>pro</span> <span class='ocrx_word' id='word_1_250' title='bbox 1093 3161 1213 3224; x_wconf 90' lang='lat' dir='ltr'>honore</span> 
     </span>
     <span class='ocr_line' id='line_1_33' title="bbox 99 3241 1213 3330; baseline -0.001 -21"><span class='ocrx_word' id='word_1_251' title='bbox 99 3252 327 3330; x_wconf 88' lang='lat' dir='ltr'>contemptum,</span> <span class='ocrx_word' id='word_1_252' title='bbox 358 3253 389 3308; x_wconf 88' lang='lat' dir='ltr'>et</span> <span class='ocrx_word' id='word_1_253' title='bbox 417 3254 453 3308; x_wconf 91' lang='lat' dir='ltr'>ut</span> <span class='ocrx_word' id='word_1_254' title='bbox 480 3254 582 3308; x_wconf 91' lang='lat' dir='ltr'>totum</span> <span class='ocrx_word' id='word_1_255' title='bbox 614 3241 830 3324; x_wconf 87' lang='lat' dir='ltr'>concludatur,</span> <span class='ocrx_word' id='word_1_256' title='bbox 858 3265 917 3327; x_wconf 88' lang='lat' dir='ltr'>pro</span> <span class='ocrx_word' id='word_1_257' title='bbox 947 3242 1094 3307; x_wconf 92' lang='lat' dir='ltr'>omnibus</span> <span class='ocrx_word' id='word_1_258' title='bbox 1120 3241 1213 3308; x_wconf 87' lang='lat' dir='ltr'>bonis</span> 
     </span>
     <span class='ocr_line' id='line_1_34' title="bbox 98 3323 1214 3411; baseline -0.003 -19"><span class='ocrx_word' id='word_1_259' title='bbox 98 3329 208 3392; x_wconf 89' lang='lat' dir='ltr'>omnia</span> <span class='ocrx_word' id='word_1_260' title='bbox 228 3327 321 3393; x_wconf 89' lang='lat' dir='ltr'>mala.</span> <span class='ocrx_word' id='word_1_261' title='bbox 365 3327 460 3408; x_wconf 77' lang='lat' dir='ltr'>Quod</span> <span class='ocrx_word' id='word_1_262' title='bbox 482 3328 576 3391; x_wconf 88' lang='lat' dir='ltr'>etiam</span> <span class='ocrx_word' id='word_1_263' title='bbox 601 3327 786 3411; x_wconf 91' lang='lat' dir='ltr'>bipertitum</span> <span class='ocrx_word' id='word_1_264' title='bbox 814 3325 883 3390; x_wconf 91' lang='lat' dir='ltr'>fieri</span> <span class='ocrx_word' id='word_1_265' title='bbox 911 3324 1025 3410; x_wconf 83' lang='lat' dir='ltr'>placet.</span> <span class='ocrx_word' id='word_1_266' title='bbox 1068 3323 1214 3389; x_wconf 89' lang='lat' dir='ltr'>Alterum</span> 
     </span>
     <span class='ocr_line' id='line_1_35' title="bbox 98 3406 1215 3493; baseline -0.003 -20"><span class='ocrx_word' id='word_1_267' title='bbox 98 3410 187 3492; x_wconf 93' lang='lat' dir='ltr'>mihi,</span> <span class='ocrx_word' id='word_1_268' title='bbox 220 3409 282 3474; x_wconf 91' lang='lat' dir='ltr'>sibi</span> <span class='ocrx_word' id='word_1_269' title='bbox 313 3409 446 3475; x_wconf 90' lang='lat' dir='ltr'>alterum</span> <span class='ocrx_word' id='word_1_270' title='bbox 479 3409 681 3474; x_wconf 86' lang='lat' dir='ltr'>concedatur.</span> <span class='ocrx_word' id='word_1_271' title='bbox 729 3407 929 3493; x_wconf 75' lang='lat' dir='ltr'>Quandoque</span> <span class='ocrx_word' id='word_1_272' title='bbox 957 3409 1053 3471; x_wconf 89' lang='lat' dir='ltr'>etiam</span> <span class='ocrx_word' id='word_1_273' title='bbox 1081 3407 1142 3470; x_wconf 92' lang='lat' dir='ltr'>hoc</span> <span class='ocrx_word' id='word_1_274' title='bbox 1168 3406 1215 3470; x_wconf 93' lang='lat' dir='ltr'>illi</span> 
     </span>
     <span class='ocr_line' id='line_1_36' title="bbox 98 3489 1214 3579; baseline -0.003 -22"><span class='ocrx_word' id='word_1_275' title='bbox 98 3493 275 3558; x_wconf 88' lang='lat' dir='ltr'>calumnias</span> <span class='ocrx_word' id='word_1_276' title='bbox 296 3495 427 3579; x_wconf 88' lang='lat' dir='ltr'>ingeret,</span> <span class='ocrx_word' id='word_1_277' title='bbox 450 3495 476 3558; x_wconf 90' lang='lat' dir='ltr'>si</span> <span class='ocrx_word' id='word_1_278' title='bbox 496 3494 631 3578; x_wconf 90' lang='lat' dir='ltr'>turpiter</span> <span class='ocrx_word' id='word_1_279' title='bbox 651 3515 671 3556; x_wconf 87' lang='lat' dir='ltr'>a</span> <span class='ocrx_word' id='word_1_280' title='bbox 692 3492 755 3557; x_wconf 89' lang='lat' dir='ltr'>fide</span> <span class='ocrx_word' id='word_1_281' title='bbox 784 3490 938 3556; x_wconf 82' lang='lat' dir='ltr'>declinet&#39;.</span> <span class='ocrx_word' id='word_1_282' title='bbox 981 3490 1054 3553; x_wconf 86' lang='lat' dir='ltr'>Hae</span> <span class='ocrx_word' id='word_1_283' title='bbox 1075 3489 1214 3575; x_wconf 89' lang='lat' dir='ltr'>promul-</span> 
     </span>
    </p>

    <p class='ocr_par' dir='ltr' id='par_1_8' title="bbox 75 3572 1214 4074">
     <span class='ocr_line' id='line_1_37' title="bbox 121 3572 1212 3658; baseline -0.004 -17"><span class='ocrx_word' id='word_1_284' title='bbox 121 3585 175 3641; x_wconf 85' lang='lat' dir='ltr'>ata</span> <span class='ocrx_word' id='word_1_285' title='bbox 196 3578 360 3658; x_wconf 88' lang='lat' dir='ltr'>sententia,</span> <span class='ocrx_word' id='word_1_286' title='bbox 389 3577 423 3640; x_wconf 93' lang='lat' dir='ltr'>id</span> <span class='ocrx_word' id='word_1_287' title='bbox 443 3577 489 3641; x_wconf 88' lang='lat' dir='ltr'>ita</span> <span class='ocrx_word' id='word_1_288' title='bbox 508 3575 690 3641; x_wconf 88' lang='lat' dir='ltr'>faciendum</span> <span class='ocrx_word' id='word_1_289' title='bbox 716 3576 757 3641; x_wconf 88' lang='lat' dir='ltr'>ab</span> <span class='ocrx_word' id='word_1_290' title='bbox 786 3575 933 3640; x_wconf 92' lang='lat' dir='ltr'>omnibus</span> <span class='ocrx_word' id='word_1_291' title='bbox 962 3572 1127 3638; x_wconf 88' lang='lat' dir='ltr'>laudatum</span> <span class='ocrx_word' id='word_1_292' title='bbox 1156 3582 1212 3638; x_wconf 88' lang='lat' dir='ltr'>est</span> 
     </span>
     <span class='ocr_line' id='line_1_38' title="bbox 97 3598 1212 3745; baseline -0.002 -23"><span class='ocrx_word' id='word_1_293' title='bbox 97 3598 249 3724; x_wconf 51' lang='lat' dir='ltr'>{recedit</span> <span class='ocrx_word' id='word_1_294' title='bbox 279 3661 387 3745; x_wconf 91' lang='lat' dir='ltr'>itaque</span> <span class='ocrx_word' id='word_1_295' title='bbox 418 3659 571 3723; x_wconf 86' lang='lat' dir='ltr'>Arnulfus</span> <span class='ocrx_word' id='word_1_296' title='bbox 604 3680 720 3723; x_wconf 91' lang='lat' dir='ltr'>coram.</span> <span class='ocrx_word' id='word_1_297' title='bbox 771 3658 807 3724; x_wconf 87' lang='lat' dir='ltr'>Si</span> <span class='ocrx_word' id='word_1_298' title='bbox 833 3657 868 3721; x_wconf 92' lang='lat' dir='ltr'>id</span> <span class='ocrx_word' id='word_1_299' title='bbox 899 3659 1064 3722; x_wconf 90' lang='lat' dir='ltr'>inventum</span> <span class='ocrx_word' id='word_1_300' title='bbox 1095 3655 1212 3739; x_wconf 88' lang='lat' dir='ltr'>laudet,</span> 
     </span>
     <span class='ocr_line' id='line_1_39' title="bbox 98 3738 1212 3828; baseline -0.002 -22"><span class='ocrx_word' id='word_1_301' title='bbox 98 3741 283 3806; x_wconf 90' lang='lat' dir='ltr'>consulitur.</span> <span class='ocrx_word' id='word_1_302' title='bbox 316 3742 370 3806; x_wconf 84' lang='lat' dir='ltr'>An</span> <span class='ocrx_word' id='word_1_303' title='bbox 384 3743 430 3806; x_wconf 91' lang='lat' dir='ltr'>sio</span> <span class='ocrx_word' id='word_1_304' title='bbox 445 3743 600 3827; x_wconf 85' lang='lat' dir='ltr'>suscipiat</span> <span class='ocrx_word' id='word_1_305' title='bbox 614 3742 700 3828; x_wconf 92' lang='lat' dir='ltr'>quod</span> <span class='ocrx_word' id='word_1_306' title='bbox 714 3743 803 3828; x_wconf 89' lang='lat' dir='ltr'>petit,</span> <span class='ocrx_word' id='word_1_307' title='bbox 819 3741 1006 3806; x_wconf 87' lang='lat' dir='ltr'>sciscitatur.</span> <span class='ocrx_word' id='word_1_308' title='bbox 1042 3738 1101 3804; x_wconf 91' lang='lat' dir='ltr'>Ille</span> <span class='ocrx_word' id='word_1_309' title='bbox 1115 3739 1212 3804; x_wconf 92' lang='lat' dir='ltr'>hono-</span> 
     </span>
     <span class='ocr_line' id='line_1_40' title="bbox 75 3825 1212 3911; baseline 0 -23"><span class='ocrx_word' id='word_1_310' title='bbox 75 3837 80 3854; x_wconf 93' lang='grc'><em>·</em></span> <span class='ocrx_word' id='word_1_311' title='bbox 97 3826 141 3888; x_wconf 90' lang='lat' dir='ltr'>ris</span> <span class='ocrx_word' id='word_1_312' title='bbox 165 3825 300 3911; x_wconf 85' lang='lat' dir='ltr'>cupidus</span> <span class='ocrx_word' id='word_1_313' title='bbox 321 3827 485 3891; x_wconf 88' lang='lat' dir='ltr'>inventum</span> <span class='ocrx_word' id='word_1_314' title='bbox 505 3825 623 3890; x_wconf 84' lang='lat' dir='ltr'>laudat.</span> <span class='ocrx_word' id='word_1_315' title='bbox 660 3825 740 3890; x_wconf 84' lang='lat' dir='ltr'>Sese·</span> <span class='ocrx_word' id='word_1_316' title='bbox 759 3827 805 3890; x_wconf 89' lang='lat' dir='ltr'>sic</span> <span class='ocrx_word' id='word_1_317' title='bbox 825 3847 919 3910; x_wconf 90' lang='lat' dir='ltr'>posse</span> <span class='ocrx_word' id='word_1_318' title='bbox 941 3825 1112 3909; x_wconf 90' lang='lat' dir='ltr'>suscipere,</span> <span class='ocrx_word' id='word_1_319' title='bbox 1128 3845 1212 3888; x_wconf 87' lang='lat' dir='ltr'>asse·</span> 
     </span>
     <span class='ocr_line' id='line_1_41' title="bbox 97 3907 1214 3994; baseline -0.002 -22"><span class='ocrx_word' id='word_1_320' title='bbox 97 3916 198 3973; x_wconf 89' lang='lat' dir='ltr'>verat.</span> <span class='ocrx_word' id='word_1_321' title='bbox 236 3909 346 3973; x_wconf 89' lang='lat' dir='ltr'>Iussus</span> <span class='ocrx_word' id='word_1_322' title='bbox 367 3910 474 3994; x_wconf 86' lang='lat' dir='ltr'>itaque</span> <span class='ocrx_word' id='word_1_323' title='bbox 496 3908 720 3994; x_wconf 87' lang='lat' dir='ltr'>cirographum</span> <span class='ocrx_word' id='word_1_324' title='bbox 740 3909 926 3994; x_wconf 88' lang='lat' dir='ltr'>bipertitum</span> <span class='ocrx_word' id='word_1_325' title='bbox 946 3908 1100 3974; x_wconf 88' lang='lat' dir='ltr'>notavit¹.</span> <span class='ocrx_word' id='word_1_326' title='bbox 1132 3907 1214 3993; x_wconf 85' lang='lat' dir='ltr'>Regi</span> 
     </span>
     <span class='ocr_line' id='line_1_42' title="bbox 96 3989 649 4074; baseline 0.002 -19"><span class='ocrx_word' id='word_1_327' title='bbox 96 3989 244 4074; x_wconf 88' lang='lat' dir='ltr'>alterum,</span> <span class='ocrx_word' id='word_1_328' title='bbox 265 3990 399 4058; x_wconf 85' lang='lat' dir='ltr'>alterum</span> <span class='ocrx_word' id='word_1_329' title='bbox 419 3991 481 4056; x_wconf 88' lang='lat' dir='ltr'>sibi</span> <span class='ocrx_word' id='word_1_330' title='bbox 502 3994 649 4057; x_wconf 89' lang='lat' dir='ltr'>servavit.</span> 
     </span>
    </p>
   </div>
   <div class='ocr_carea' id='block_1_6' title="bbox 159 4179 713 4232">
    <p class='ocr_par' dir='ltr' id='par_1_9' title="bbox 159 4179 713 4232">
     <span class='ocr_line' id='line_1_43' title="bbox 159 4179 713 4232; baseline 0.004 -12"><span class='ocrx_word' id='word_1_331' title='bbox 159 4179 182 4232; x_wconf 86' lang='lat' dir='ltr'>a)</span> <span class='ocrx_word' id='word_1_332' title='bbox 201 4179 235 4220; x_wconf 80' lang='lat' dir='ltr'>Ar</span> <span class='ocrx_word' id='word_1_333' title='bbox 249 4182 305 4222; x_wconf 79' lang='lat' dir='ltr'>atre.</span> <span class='ocrx_word' id='word_1_334' title='bbox 366 4179 389 4232; x_wconf 89' lang='lat' dir='ltr'>b)</span> <span class='ocrx_word' id='word_1_335' title='bbox 405 4183 436 4223; x_wconf 90' lang='lat' dir='ltr'>D.</span> <span class='ocrx_word' id='word_1_336' title='bbox 452 4181 483 4222; x_wconf 87' lang='lat' dir='ltr'>M.</span> <span class='ocrx_word' id='word_1_337' title='bbox 499 4193 515 4220; x_wconf 82' lang='grc' dir='ltr'>ο.</span> <span class='ocrx_word' id='word_1_338' title='bbox 577 4179 598 4232; x_wconf 88' lang='lat' dir='ltr'>c)</span> <span class='ocrx_word' id='word_1_339' title='bbox 615 4180 641 4222; x_wconf 79' lang='lat' dir='ltr'>cl</span> <span class='ocrx_word' id='word_1_340' title='bbox 656 4179 713 4222; x_wconf 75' lang='lat' dir='ltr'>atre.</span> 
     </span>
    </p>
   </div>
   <div class='ocr_carea' id='block_1_7' title="bbox 175 4311 540 4376">
    <p class='ocr_par' dir='ltr' id='par_1_10' title="bbox 175 4311 540 4376">
     <span class='ocr_line' id='line_1_44' title="bbox 175 4311 540 4376; baseline 0.008 -17"><span class='ocrx_word' id='word_1_341' title='bbox 175 4312 202 4376; x_wconf 87' lang='lat'>1)</span> <span class='ocrx_word' id='word_1_342' title='bbox 222 4311 300 4373; x_wconf 81' lang='lat' dir='ltr'>Quod</span> <span class='ocrx_word' id='word_1_343' title='bbox 318 4329 344 4362; x_wconf 86' lang='lat' dir='ltr'>v.</span> <span class='ocrx_word' id='word_1_344' title='bbox 364 4311 432 4363; x_wconf 84' lang='lat' dir='ltr'>infra</span> <span class='ocrx_word' id='word_1_345' title='bbox 452 4328 477 4363; x_wconf 85' lang='lat' dir='ltr'>e.</span> <span class='ocrx_word' id='word_1_346' title='bbox 498 4312 540 4362; x_wconf 81' lang='grc'>60.</span> 
     </span>
    </p>
   </div>
   <div class='ocr_carea' id='block_1_8' title="bbox 0 0 1414 4824">
    <p class='ocr_par' dir='ltr' id='par_1_11' title="bbox 0 0 1414 4824">
     <span class='ocr_line' id='line_1_45' title="bbox 0 0 1414 4824; baseline 0 0"><span class='ocrx_word' id='word_1_347' title='bbox 0 0 1414 4824; x_wconf 95' lang='lat' dir='ltr'> </span> 
     </span>
    </p>
   </div>
  </div>
 </body>
</html>
