2820 4824
203 329 238 378 42
461 324 613 374 RICHERI
633 321 886 375 HISTORIARUM
904 321 1016 372 LIBER
1034 321 1073 372 11.

147 513 196 554 sss.
206 492 333 575 Quibus
355 488 564 555 militantibus
586 511 659 553 oum
681 488 781 554 multa
801 487 975 553 ambitione
1002 497 1034 553 et
1063 487 1227 574 obsequio
1250 489 1311 554 Lau·

206 577 326 641 dunum
357 574 510 639 deductus
540 584 596 640 est.
647 573 714 640 Ubi
745 573 840 637 otiam
870 583 901 636 et
928 570 1109 657 regnandia
1138 572 1214 637 iura
1244 574 1310 660 quin

206 660 337 725 dennisb
360 659 531 744 accipiens,
555 657 702 722 omnibus
723 656 903 721 faventibus
932 678 990 741 per
1011 654 1194 719 domnumb
1217 667 1310 722 metro·

205 744 383 828 politanum
405 741 574 806 Artoldum
603 743 698 804 euml
726 741 906 826 episeopisb
936 739 998 802 201»
1025 760 1085 803 rex
1112 751 1244 806 oreatus
1270 751 1309 806 est

92 846 143 887 Iun.
160 845 195 886 19.
206 827 286 893 Inde
308 848 435 914 quoque
457 825 625 907 deductus,
654 827 688 888 in
710 825 822 888 vicinis
852 822 985 889 urbibus
1010 822 1216 907 gratulamur
1245 827 1309 889 exci·

206 913 301 999 pitur.
352 911 501 977 Universi
535 911 586 975 eib
619 907 828 994 applaudunt.
873 907 994 973 Omnes
1025 905 1181 972 letantur.
1227 909 1310 974 Tana

207 998 347 1060 omnium
369 996 449 1060 fuitc
478 1005 509 1060 et
536 994 648 1058 eadem
674 1015 774 1057 mens.
819 991 886 1056 Nec
914 992 1019 1054 minus
1045 1000 1078 1055 et
1101 992 1310 1077 Burgundian

205 1090 313 1167 petere
335 1102 372 1144 ac
395 1078 490 1143 urbes
513 1078 668 1163 sedesque
690 1077 794 1162 regias
815 1075 949 1140 lustrare
970 1096 989 1138 a
1011 1074 1096 1139 duce
1117 1089 1276 1142 monetur.

300 1205 328 1265 5.
361 1202 454 1264 Rexd
477 1221 550 1262 cum
572 1197 653 1262 duce
676 1198 743 1260 Bur
766 1197 917 1261 undiamd
939 1195 1038 1281 petit<¹
1064 1215 1105 1258 ao
1127 1196 1245 1261 urbem

499 1283 731 1367 Lingonicamd
776 1280 836 1345 ello
860 1279 972 1378 [prem]
981 1279 1035 1342 itl.
1184 1343 1187 1347 ,

289 1371 368 1434 Mox
390 1369 529 1432 hortanti
552 1367 752 1430 consentiens
760 1379 782 1446 ⁰,
807 1363 1028 1447 Burgundram
1051 1362 1137 1426 duce
1155 1367 1310 1428 comitante

206 1452 415 1538 ingreditur¹.
469 1449 522 1512 Ad
552 1472 646 1536 quem
679 1449 808 1513 urbium
841 1449 1002 1532 principes
1034 1446 1224 1532 benigniter
1255 1469 1310 1512 oon·

206 1535 350 1613 fluentes,
373 1533 542 1618 magnifice
565 1542 769 1618 exceperunt.
813 1532 920 1596 Acro
944 1532 988 1595 ati
1010 1528 1110 1594 fidem
1133 1533 1205 1596 iure
1229 1552 1312 1597 sacn-

206 1620 305 1683 menti
328 1618 492 1682 dederunt.
536 1617 633 1702 Hugo
655 1625 788 1698 tantum,
812 1554 944 1679 Roduld
968 1614 1053 1699 regis
1076 1614 1189 1698 frater,
1213 1616 1312 1701 Lingo-

206 1704 312 1766 nicam
334 1701 447 1764 urbem
469 1701 646 1786 possidens,
668 1702 737 1786 regi
760 1721 924 1765 occurrere
947 1695 1078 1779 distulit,
1102 1702 1162 1784 qui
1183 1721 1313 1764 occurre

206 1795 281 1849 runt
308 1785 480 1849 admodum
510 1786 609 1850 iratus
621 1797 642 1848 ².
685 1786 756 1849 Rex
786 1783 862 1847 dum
888 1805 946 1868 per
973 1779 1096 1866 aliquot
1127 1782 1314 1848 ebdomata

208 1891 267 1932 sua
288 1867 443 1950 lustraret,
477 1870 598 1933 inimici
620 1869 775 1933 invidiam
804 1867 951 1930 advertit.
1004 1865 1198 1951 Proponens
1222 1870 1315 1954 itaque

207 1963 279 2018 ante
316 1953 491 2017 discessum
530 1952 649 2016 nullam
689 1952 840 2038 preterire
876 1950 998 2031 urbem,
1031 1948 1156 2034 legatos
1194 1951 1317 2039 Hugoni

207 2036 332 2123 dirigit,
362 2038 417 2124 qui
446 2059 465 2100 a
493 2039 664 2184 pertinatia
694 2059 767 2102 eum
797 2044 946 2098 revocent
974 2055 1012 2096 ac
1035 2034 1064 2098 ei
1087 2034 1128 2098 de
1153 2033 1222 2100 fide
1252 2033 1318 2100 sibi‘

207 2123 363 2188 servanda
377 2144 494 2221 persua
517 2131 599 2186 eant.
637 2120 701 2202 Qui
715 2120 803 2204 apud
819 2141 892 2182 eum
907 2125 1100 2204 perorantes,
1123 2118 1208 2182 nihil
1230 2121 1318 2207 pacis,

206 2205 285 2271 nihil
306 2208 386 2292 regii
408 2206 536 2270 honoris
558 2215 760 2290 acceperunt.
804 2202 899 2266 Unde
914 2211 946 2266 et
960 2201 1106 2287 digressi,
1129 2203 1248 2269 audita
1262 2203 1319 2289 regi

206 2291 355 2357 referunt.
399 2290 497 2376 Hugo
525 2299 632 2375 preter
658 2291 707 2352 ius
731 2311 764 2351 se
786 2288 889 2370 egisse
912 2285 1090 2367 dinoscens,
1122 2286 1199 2351 urbi
1220 2289 1319 2374 copias

207 2375 358 2462 deputat;
391 2375 460 2458 ipse
488 2375 521 2437 in
543 2383 649 2458 partes
676 2373 767 2456 regni
796 2371 969 2436 exteriores
996 2370 1170 2455 usquead
1200 2383 1320 2459 tempus

87 2459 368 2525 '101.rs.seoedens.
423 2458 494 2520 Rex
524 2478 598 2520 vero
626 2456 780 2541 pertinaci
809 2454 989 2538 indignans,
1023 2453 1205 2518 exercitum
1238 2455 1321 2520 ‘urbi

208 2543 358 2628 applicat,
386 2564 406 2604 a
427 2551 517 2623 parte
547 2561 611 2624 qua
636 2537 805 2622 planiciem
835 2537 954 2624 prefert
975 2560 1020 2623 pu
1066 2557 1119 2600 am
1141 2540 1263 2604 acriter
1283 2541 1322 2602 in·

208 2647 332 2710 gerens.
375 2622 485 2686 Altera
506 2623 590 2687 enirn
612 2633 712 2707 parte,
734 2621 831 2686 latere
853 2623 969 2686 montis
991 2643 1008 2685 e
1033 2630 1116 2702 uoto,
1140 2645 1227 2707 pene
1243 2625 1322 2687 inac-

209 2706 363 2772 cessibilis
386 2715 442 2770 est.
475 2707 514 2769 In
528 2717 618 2791 parte
640 2728 716 2790 ergo
740 2727 821 2792 quae
844 2706 1001 2770 obsidioni
1020 2705 1125 2790 aptior
1145 2719 1197 2771 est
1211 2706 1322 2771 milites

208 2791 282 2855 urbi
303 2813 362 2854 rex
384 2812 457 2854 oum
480 2790 560 2854 duce
589 2789 729 2855 adhibet.
778 2789 904 2870 Quibus
933 2789 1187 2937 inpugnantibus
1220 2791 1322 2856 hostes

208 2874 485 2941 vehementissime
507 2875 678 2940 resistunt³
706 2873 777 2939 telis
802 2897 842 2938 ue
868 2896 906 2938 ao
934 2873 1000 2958 lapi
1024 2872 1096 2937 ibus
1119 2896 1230 2939 aerem
1253 2875 1323 2940 den-

209 2970 281 3023 sant
295 2967 389 3044 atque
403 2959 591 3043 impetentes
606 2967 753 3023 atterunt.
780 2896 865 3022 (lion
879 2967 986 3022 tamen
1000 2979 1102 3042 usque
1118 2958 1160 3021 ad
1176 2959 1322 3024 effectum

208 3041 398 3128 repulsionis
421 3052 561 3128 perstare
583 3052 764 3128 potuerunt.
807 3042 890 3105 Nam
911 3042 992 3127 regii
1014 3043 1176 3126 equitatus
1199 3041 1322 3108 infesta-

210 3128 328 3191 tionem
351 3149 416 3190 non
445 3126 590 3209 ferentes,
618 3148 638 3189 a
663 3136 753 3213 parte
775 3136 937 3212 prerupta,
967 3147 1049 3212 quae
1072 3125 1240 3191 obsidione
1262 3147 1323 3190 non

208 3211 432 3298 premebatur,
475 3223 568 3277 nocte
609 3213 730 3297 egressi
764 3210 962 3294 aufugerunt.
1022 3208 1118 3274 (lives
1153 3232 1233 3275 vero
1272 3209 1323 3296 qui

208 3304 428 3362 remanserunt
449 3297 518 3381 regi
540 3317 616 3360 mox
633 3304 742 3381 portas
757 3315 920 3378 aperuere,
943 3316 1015 3358 eum
1032 3314 1102 3356 cum
1121 3295 1187 3357 suis
1203 3295 1322 3380 absque

208 3380 435 3467 refragratione
468 3381 501 3443 in
533 3379 611 3444 urbe
645 3376 870 3464 gratulabundi
902 3378 1108 3463 excipientes.
1161 3379 1237 3458 Qua
1267 3399 1323 3442 rex

208 3466 339 3550 potitus,
362 3462 403 3526 ab
426 3465 494 3528 eius
517 3465 669 3550 episcopo
696 3461 831 3608 a¹l⁸flu⁰
860 3462 951 3546 regni
980 3459 1167 3546 proceribus
1197 3461 1322 3527 obsides

209 3550 334 3633 aceepit
355 3557 450 3633 atque
473 3549 540 3611 siob
563 3569 637 3611 cum
660 3546 741 3609 duee
791 3546 922 3609 arisium
944 3545 1004 3609 iter
1025 3545 1161 3609 retorsit.

345 3669 374 3731 6.
407 3669 479 3732 Rex
500 3668 610 3731 ducis&
631 3667 911 3751 procurationem&
932 3686 951 3728 a
973 3687 1007 3729 se
1029 3672 1189 3728 amovete.

149 3776 199 3818 oar.
293 3751 364 3815 Rex
384 3751 525 3816 felicium
547 3773 652 3814 rerum
675 3771 827 3815 successu
856 3748 966 3831 elatus,
996 3757 1103 3834 preter
1134 3748 1227 3812 ducis
1255 3770 1325 3836 pro·

211 3835 406 3899 curationem
434 3858 484 3900 res
514 3856 587 3898 siras
617 3833 757 3897 ordinari
783 3855 877 3918 posse
907 3831 1100 3918 cogitabat⁴.
1151 3833 1248 3897 Unde
1275 3834 1326 3897 etl

270 3959 292 4012 a)
309 3973 433 4011 regnorum
453 3974 501 4001 mox
523 3972 580 4001 corr.
603 3960 724 4008 regnandi.
800 3958 823 4010 b)
837 3966 889 4009 post
904 3961 954 4002 add.
1029 3957 1049 4009 o)
1067 3969 1087 3998 o.
1104 3961 1128 3998 et
1143 3960 1249 3999 omnium
1265 3971 1284 4000 e.
1308 3961 1325 3999 1.

210 4019 234 4070 d)
250 4020 291 4071 Re,
306 4023 334 4072 B,
349 4032 421 4072 prem,
437 4021 472 4070 Li,
490 4031 517 4059 ra
532 4020 597 4069 absa,
615 4020 677 4068 capit
692 4018 738 4065 dcl..
755 4018 799 4057 alio
814 4020 887 4060 addito
903 4019 1005 4058 vocabolo
1020 4029 1079 4057 nuno
1095 4018 1194 4058 obscuro.
1248 4019 1270 4070 e)
1287 4028 1327 4059 sus

208 4081 299 4120 visurus
315 4081 364 4119 add.
383 4082 403 4120 1.
463 4078 545 4131 Oregt
562 4081 581 4119 1.
642 4075 665 4127 g)
683 4078 710 4128 is,
727 4087 759 4129 ra,
776 4088 805 4128 m,
822 4082 845 4117 et
859 4080 914 4118 abac.
976 4077 999 4128 h)
1016 4077 1147 4117 invidorum
1163 4077 1203 4116 del.

286 4155 313 4223 1)
334 4157 375 4208 Of.
393 4155 471 4207 Flod.
493 4156 554 4206 936.
630 4153 658 4220 2)
678 4156 695 4206 i.
717 4171 740 4205 e.
766 4157 849 4207 iratus
875 4152 980 4222 (Hugo)
1009 4156 1042 4204 iis
1071 4156 1117 4219 qui
1146 4160 1326 4207 occurrerunt.

213 4226 241 4294 3)
253 4228 422 4296 sapientibus
450 4228 490 4278 his
516 4227 562 4293 qui
587 4244 645 4279 eam
671 4228 801 4280 custodire
826 4228 986 4281 videbantur
1011 4225 1068 4278 sine
1094 4227 1158 4279 bello
1184 4229 1327 4295 recipiunt.

210 4303 289 4353 Flod.
365 4299 394 4352 4l
415 4301 485 4352 Ibid.
505 4302 567 4352 937.

383 4355 389 4366 ι
