2820 4824
250 378 302 429 158
484 376 636 427 menam
653 375 905 428 HISTORIARUM
922 376 1035 428 LIBER
1052 377 1122 428 1111.

189 544 356 610 oaoausa
376 565 524 629 namque,
544 551 580 607 ut
600 545 798 624 scriberetur,
820 542 888 606 eius
901 553 1012 607 auctor
1025 543 1180 610 Amulfm
1195 546 1265 611 fuit.
1296 549 1354 629 Qui

95 623 193 721 affl
201 622 237 720 ¹}
249 650 323 692 cum
347 627 552 692 detestandae
580 626 762 711 cupiditatis
789 624 901 689 morbo
929 628 1065 692 nimium
1091 628 1269 714 laboraret,
1298 636 1354 718 egit

132 708 239 790 ’114οῘ
271 712 336 776 uod
365 710 572 796 *reprehendi
599 719 713 795 potest,
739 733 813 775 cum
839 711 961 774 iuratus
991 710 1089 776 fidem
1119 735 1187 778 non
1215 718 1351 780 servavit

282 817 320 860 oc
347 796 431 859 enim
459 793 696 879 reprehensioni
723 793 911 859 succumbit.
961 794 1005 858 Et
1033 795 1120 882 quod
1148 799 1309 882 sapientes
1327 809 1353 864 01

248 879 326 944 boni
346 880 379 942 id
402 879 583 958 effecerunt,
605 877 691 961 quod
711 876 791 941 dolis
807 886 838 941 et
852 879 985 943 astutiae
998 878 1211 977 perditissimi
1225 882 1350 946 hominis

248 963 426 1044 contrairet,
449 974 558 1026 contra
573 959 721 1045 querulos
736 960 910 1026 defensioni
924 961 1106 1027 firm1tatem
1121 964 1252 1029 affectat
1265 968 1350 1031 vires·

248 1070 310 1134 que
331 1047 497 1110 ministrat.
530 1045 574 1108 Et
716 1044 747 1108 'd
767 1043 845 1108 illud
866 1047 916 1126 sit,
937 1047 1118 1111 testimonio
1140 1057 1250 1113 tamen
1271 1051 1349 1114 robo-

246 1130 380 1195 randum
402 1138 459 1194 est.
500 1066 669 1192 Ρ100οί1111ο
671 1067 856 1212 (hliugerus
882 1128 1049 1213 presbiter.
1091 1129 1198 1196 Adest
1222 1154 1296 1196 nam
1317 1157 1348 1198 ue

248 1215 304 1301 qui
331 1236 439 1278 rerum
466 1213 580 1275 seriem
607 1211 796 1295 proditionis
824 1213 969 1277 conscius
998 1215 1118 1312 optime
1145 1217 1247 1280 novit.
1326 1239 1346 1299 e,

245 1300 387 1384 inquam,
414 1296 498 1360 adsit
523 1305 555 1359 et
575 1304 699 1359 vestrae
721 1294 900 1359 claritudini
920 1296 1098 1362 inauditum
1120 1297 1226 1364 scelus
1248 1299 1346 1382 edicat,

246 1391 342 1464 utet,
365 1378 421 1444 ubi
442 1381 483 1444 sit
507 1380 697 1463 vituperatio
719 1377 876 1462 habenda,
906 1384 1105 1466 cognoscatis
1134 1392 1184 1466 et,
1207 1383 1264 1448 ubi
1289 1383 1345 1448 laus

245 1463 457 1545 concedenda,
478 1461 630 1527 videatis'.

345 1603 396 1666 62.
438 1600 660 1664 Admoveture
681 1599 879 1688 11101ςο1110ει
900 1603 1135 1668 accusationis²
1156 1625 1265 1670 causa.

164 1748 183 1778 0.
201 1739 236 1778 11.
329 1720 509 1805 Adalgerus
530 1721 637 1805 itaque
658 1723 831 1786 accersitus
856 1722 955 1787 adest.
998 1721 1105 1808 Super
1126 1724 1189 1788 hac
1210 1749 1245 1790 re
1265 1727 1342 1792 111101-

245 1815 376 1889 rogatus
399 1815 431 1868 01
451 1803 496 1866 nil
516 1812 657 1867 moratus
678 1805 862 1891 respondet:
891 1807 1041 1888 ‘Utinam,
1063 1816 1173 1892 patres
1195 1811 1341 1891 sancti,in

245 1888 306 1951 hac
327 1889 494 1951 vocatione
516 1887 708 1952 concedatur
728 1888 807 1954 mihi
821 1888 864 1954 ali
886 1912 928 1952 ua
940 1891 1136 1955 remissionis
1149 1892 1341 1978 indulgentia

245 1971 310 2036 Sed
333 1972 408 2056 quia
428 1971 470 2035 ad
491 1970 525 2035 id
546 1970 668 2053 deveni,
689 1982 733 2055 ut,
756 1974 783 2036 si
804 1912 886 2059 quid
902 1972 987 2059 quod
1008 1994 1067 2058 pro
1088 1997 1142 2038 me
1158 1976 1258 2041 faciat
1271 1979 1341 2040 inve·

244 2057 308 2119 niri
335 2056 445 2141 possit,
472 2055 505 2119 id
527 2064 637 2119 contra
658 2078 709 2120 me
731 2066 815 2121 stare
841 2056 994 2132 videatur
1021 2056 1128 2122 verbis
1156 2059 1342 2126 brevioribus

245 2139 331 2226 quod
353 2140 483 2226 queritis
506 2138 639 2203 edicam.
681 2140 790 2222 Dudo,
810 2140 923 2205 Karoli
943 2138 1043 2221 miles,
1068 2139 1215 2208 hortatus
1237 2154 1292 2226 est,
1315 2152 1343 2206 ut

242 2223 325 2289 110110
347 2222 432 2287 unde
453 2224 505 2286 hic
528 2223 659 2308 queritis
680 2223 893 2308 proditionem
920 2224 1121 2308 aggrederer,
1151 2228 1200 2292 sic
1229 2227 1342 2293 domino

243 2331 315 2372 meo
336 2306 463 2393 placere
483 2308 613 2371 iuratus.
646 2305 741 2372 Unde
763 2329 837 2370 cum
858 2309 889 2371 ei
909 2329 974 2370 non
995 2308 1170 2393 crederem,
1194 2311 1341 2376 dominum

243 2415 351 2456 meum
396 2413 430 2454 er
450 2413 502 2454 me
523 2391 728 2474 interrogavi.
761 2389 839 2456 Sese
859 2391 894 2455 id
914 2391 983 2457 ficri
996 2390 1088 2475 velle,
1104 2396 1280 2479 respondit.
1308 2395 1342 2460 Ut

243 2487 351 2542 autem
371 2415 432 2539 hoc
453 2473 593 2538 dedecus
615 2474 721 2560 specie
748 2473 873 2539 honesti
901 2473 1069 2557 velaretur,
1095 2476 1219 2544 Karolo
1247 2499 1338 2543 manus

242 2560 334 2638 dedi3
356 2560 487 2644 eiusque
504 2557 617 2640 factus,
639 2557 853 2643 proditionem
866 2581 925 2643 per
938 2569 1174 2625 sacramentum
1189 2586 1249 2650 spo
1273 2561 1338 2628 ondi

242 2643 286 2706 Et
315 2642 378 2705 feci
404 2641 543 2728 quidem,
576 2641 633 2705 sed
660 2663 725 2705 non
751 2643 899 2706 iniussus.
954 2643 1050 2723 Quod
1077 2645 1105 2708 si
1125 2647 1222 2712 vobis
1243 2587 1341 2712 lallsum

242 2724 396 2806 videatur,
418 2734 548 2809 paratus
569 2747 640 2788 sum
662 2726 768 2789 omnia
788 2725 972 2790 iuditiorum
992 2749 1111 2810 genera
1132 2729 1262 2798 subire'.

244 2864 295 2928 63.
340 2862 434 2951 [Ηίοὓ
448 2863 553 2926 ratioc
567 2861 778 2925 accusationis
785 2862 821 2950 0).
853 2861 966 2928 Brevis
982 2871 1035 2927 01θ
1048 2863 1214 2930 dilucida⁰
1229 2867 1340 2932 demon-

436 2945 567 3010 01101110ο
588 2945 749 3024 criminis⁰
769 2967 788 3008 a
810 2943 959 3010 Guidone
980 2947 1165 3035 episcopos

161 3066 180 3098 ⁰·
196 3056 231 3094 ¹4·
329 3047 457 3112 Giridol
477 3047 713 3112 Suessionensis
734 3048 840 3133 episco
865 3070 903 3112 us
925 3047 1019 3112 dixit:
1042 3049 1097 3113 ‘Ut
1111 3049 1164 3114 hio
1179 3074 1222 3116 ex
1235 3052 1341 3117 ratione

243 3132 337 3196 huius
362 3131 556 3216 intelligitur,
585 3133 678 3195 unius
706 3139 813 3195 reatus
840 3070 920 3197 lhrte
948 3133 1042 3197 ambo
1071 3142 1231 3200 tenentur.
1274 3135 1343 3200 Nan

244 3236 315 3280 cum
336 3215 389 3279 hic
409 3238 478 3281 sese
500 3215 643 3280 effecisse
657 3224 786 3297 asserat,
807 3237 873 3280 non
887 3225 935 3281 est
947 3216 1097 3280 immunis
1112 3218 1184 3283 eius
1200 3220 1341 3298 dominus,

243 3300 299 3387 qui
318 3299 441 3365 facinus
461 3298 710 3386 perpetrandum
731 3300 839 3381 suasit,
861 3321 898 3364 eo
921 3298 1007 3384 quod
1027 3299 1156 3365 sceleris
1180 3323 1342 3368 causamse

241 3386 348 3470 ipsum
369 3384 542 3484 prebuerit.
586 3384 746 3464 Quoniam
767 3405 844 3467 ergo
858 3383 1041 3468 utriusqued
1055 3386 1223 3470 negotium
1237 3386 1342 3452 inditis

242 3468 441 3534 evidentibus
464 3475 596 3550 constat,
618 3489 692 3531 cum
713 3464 792 3530 alter
812 3465 935 3530 facinus
949 3468 1090 3549 suaserit,
1112 3467 1193 3534 alter
1207 3471 1342 3550 effecerit,

241 3552 346 3616 iuditii
369 3574 504 3618 censura
531 3560 671 3616 vestram
697 3552 920 3635 paternitatem
947 3571 1012 3614 non
1036 3549 1123 3616 latet.
1174 3555 1237 3620 Est
1261 3555 1342 3620 etiam

243 3636 330 3722 quod
350 3635 462 3700 iuditio
483 3634 631 3700 habendo
652 3635 736 3699 vires
756 3634 897 3719 prebeat,
921 3633 1016 3719 quod,
1045 3637 1213 3724 cumipse
1235 3639 1343 3726 episco-

242 3741 304 3805 pus
349 3720 515 3783 reditionis
536 3728 646 3783 auctor
672 3718 819 3800 extiterit,
850 3727 886 3782 111
912 3739 1006 3781 suum
1030 3717 1189 3804 flagitium
1216 3721 1344 3787 melioris

242 3801 302 3866 zeli
322 3742 447 3866 lbrvore
474 3811 604 3886 tegeret,
632 3800 749 3867 multae
777 3801 1117 3868 excommunicationis
1146 3815 1180 3870 et
1206 3805 1343 3872 maledic-

241 3885 336 3948 tionis
364 3886 561 3949 anathemate
589 3909 609 3949 a
635 3907 767 3971 corpore
794 3894 825 3950 01
852 3885 1005 3971 sanguine
1032 3885 1168 3952 Domini
1195 3887 1344 3976 separarit

301 4070 324 4123 0)
342 4076 428 4124 oretur,
444 4084 481 4113 rus
497 4085 531 4126 ae,
547 4075 583 4115 nis
599 4085 669 4115 causa
683 4076 739 4116 0100,
820 4073 844 4126 b)
860 4077 911 4115 1000
922 4080 973 4124 port
988 4075 1038 4116 011.
1049 4075 1149 4126 fortasse
1165 4080 1196 4118 ad
1209 4076 1343 4121 0001οω10110

238 4132 354 4181 pertinent.
415 4130 436 4183 0)
452 4133 483 4185 10,
499 4134 528 4186 is,
544 4137 566 4174 st
583 4135 613 4186 dl,
629 4145 689 4185 mon,
705 4135 780 4186 minis,
795 4135 890 4184 piscopo
906 4135 961 4176 0100.
1021 4133 1044 4186 d)
1060 4145 1105 4184 que
1117 4142 1169 4186 post
1185 4139 1236 4179 add.

316 4265 342 4330 1)
362 4265 492 4317 Richerus
518 4268 675 4318 narrationis
700 4266 819 4316 ordinem
843 4268 963 4328 mutavit,
989 4210 1119 4320 (1111101110
1143 4271 1292 4323 orationem
1314 4269 1342 4320 ab

241 4354 275 4390 00
294 4355 374 4407 quam
394 4339 536 4392 Gerbcrtus
555 4339 637 4391 tradit
656 4339 788 4391 diversam
807 4339 889 4390 linxit.
