2820 4824
302 369 456 422 RIOHERI
474 371 725 423 HISTORIARUM
744 372 854 424 LIBER
873 374 938 426 IIII.
1129 377 1180 425 133
1229 408 1240 427 .

67 533 203 619 nalibus,
227 536 393 600 clarissimi
407 538 532 622 generis
547 539 811 624 imperatoribusa
826 540 954 624 ignavia
969 540 1009 605 ab
1025 540 1178 626 dignitate
1189 557 1239 600 9⁸⁷·

63 621 279 705 precipitatis,
313 619 391 684 alios
418 620 513 685 modo
541 642 651 706 pares,
683 622 777 686 modo
812 623 951 708 impares
980 625 1178 689 successisse.

65 702 132 768 Sed
162 704 240 790 quid
270 704 402 788 dignum
430 703 549 768 Karolo
580 705 715 768 conferri
741 714 854 791 potest,
884 729 978 791 quem
1006 706 1086 771 fides
1115 730 1179 772 non

63 810 99 851 re
123 789 157 869 it,
179 797 288 872 torpor
303 796 441 870 enervat,
464 798 625 874 postremo
649 790 703 874 qui
720 797 809 852 tanta
824 791 937 873 capitis
960 792 1180 856 imminutione

63 809 185 955 hebuit,
207 880 243 935 ut
264 879 395 936 externo
417 872 487 955 regi
508 873 626 935 servire
647 894 711 936 non
731 871 905 937 horruerit¹
931 884 962 938 et
982 896 1116 938 uxorem
1139 874 1179 938 de

63 954 195 1018 militari
217 955 326 1019 ordine
347 955 409 1019 sibi
430 955 584 1040 imparem
600 956 805 1020 duxerim-²?
838 956 1007 1036 Quomodo
1023 980 1098 1042 ergo
1114 980 1179 1021 ma-

110 1061 148 1102 us
164 1038 230 1102 dux
243 1039 390 1124 patietur,
406 1038 445 1102 de
457 1040 523 1101 suis
535 1037 688 1103 militibus
699 1040 849 1102 feminam
862 1050 1019 1124 sumptam
1034 1041 1179 1124 reginam

64 1062 136 1187 diri
158 1120 283 1208 sibique
299 1120 478 1184 dominari?
521 1122 689 1202 Quomodo
706 1123 803 1207 capiti
825 1145 882 1186 suo
924 1133 1064 1207 reponet,
1087 1125 1179 1187 cuius

64 1227 160 1292 pares
182 1215 214 1268 et
235 1206 331 1269 etiam
345 1205 481 1268 maiores
503 1204 564 1268 sibi
586 1227 692 1289 genua
705 1205 835 1270 flectunt
853 1146 1051 1292 pedibusque
1066 1229 1180 1271 manus

65 1287 273 1374 supponunt?
322 1287 529 1352 Considerate
558 1311 625 1351 rem
659 1287 839 1372 diligenter,
874 1297 905 1352 et
933 1289 1088 1353 Karolum
1122 1311 1179 1353 sua

64 1373 170 1458 magis
194 1371 288 1456 culpa
309 1372 534 1457 precipitatum
558 1394 652 1457 quam
675 1371 778 1435 aliena
791 1371 907 1436 videte.
950 1374 1010 1437 Rei
1030 1372 1178 1458 publicae

64 1455 296 1522 beatitudinem
323 1458 425 1539 magis
455 1476 551 1539 quam
581 1455 790 1519 calamitatem
819 1465 934 1540 optate.
979 1455 1014 1520 δί
1040 1478 1110 1518 eam
1132 1457 1178 1519 in-

63 1539 190 1603 felicem
205 1538 275 1601 fieri
288 1537 394 1618 vultis,
410 1537 565 1601 Karolum
580 1549 772 1623 promovete.
817 1539 853 1603 δί
867 1538 1068 1621 fortunatam,
1090 1561 1178 1624 egre-

63 1624 156 1706 gium
177 1621 290 1685 ducem
305 1621 361 1683 Hu
385 1643 478 1685 onem
499 1622 533 1683 in
554 1645 687 1706 regnum
703 1632 860 1686 coronate.
904 1622 952 1686 Ne
975 1645 1051 1707 ergo
1066 1622 1177 1686 Karoli

64 1727 157 1770 amor
199 1727 337 1791 uemque
360 1707 367 1719 “
392 1706 476 1786 iciat,
497 1727 562 1768 neo·
581 1705 689 1768 odium
704 1707 794 1769 ducis
809 1706 850 1769 ab
868 1705 1001 1770 utilitate
1017 1707 1178 1769 communi

65 1728 241 1876 quemlibet
269 1790 428 1852 amoveat!
479 1787 563 1852 Nam
592 1791 618 1851 si
646 1789 766 1852 bonum
795 1791 990 1874 vituperetis,
1019 1789 1177 1875 quomodo

63 1872 185 1936 malum
200 1871 393 1935 laudabitis?
437 1870 471 1935 Si
486 1870 605 1935 malum
626 1871 772 1954 laudetis,
796 1872 955 1958 quomodo
970 1874 1089 1937 bonurn
1105 1894 1178 1936 con-

63 1955 258 2041 tempnetis?
308 1954 372 2019 Sed
400 1954 516 2019 talibus
544 1955 621 2040 quid
649 1957 869 2019 interminatur
899 1958 969 2040 ipsa
994 1955 1178 2020 Divinitas?

62 2040 182 2121 “Vae'',
211 2039 323 2124 inquit,
353 2039 429 2124 “qui
456 2037 562 2102 dicitis
590 2038 708 2102 malum
737 2037 872 2119 bonum,
899 2039 1019 2103 bonum
1049 2037 1176 2123 malum,
1186 2060 1231 2101 res.
1246 2059 1266 2115 s,
1280 2062 1316 2104 so.

61 2133 218 2208 ponentes
245 2122 350 2186 lucem
376 2121 540 2203 tenebras,
570 2132 601 2185 et
629 2121 774 2186 tenebras
803 2120 935 2186 lucem'”.
986 2122 1177 2188 Promovete

61 2207 163 2292 igitur
176 2206 268 2271 vobis
283 2206 406 2286 ducem,
428 2217 511 2286 actu,
526 2204 699 2287 nobilitate,
722 2206 823 2289 copiis
839 2203 1058 2287 clarissimum,
1082 2228 1176 2290 quem

60 2311 128 2353 non
150 2289 251 2354 solum
277 2291 324 2353 rei
352 2287 510 2373 publicae,
538 2288 594 2352 sed
620 2298 652 2352 et
679 2289 877 2374 privatarum
905 2310 1012 2351 rerum
1038 2298 1174 2354 tutorem

60 2374 239 2438 invenietis.
281 2374 358 2458 Ipsa
388 2373 456 2436 eius
485 2370 700 2437 benivolentia
728 2371 864 2454 favente,
894 2394 967 2435 eum
994 2393 1052 2456 pro
1084 2381 1175 2456 patre

60 2456 229 2522 habebitis.
274 2457 354 2536 Quis
377 2457 462 2520 enim
484 2455 526 2518 ad
548 2478 621 2519 eum
648 2455 790 2539 confugit
817 2464 848 2519 et
872 2456 1083 2540 patrocinium
1109 2477 1175 2518 non

60 2540 209 2604 invenit?
266 2541 346 2620 Quis
375 2562 504 2603 suorum
537 2538 664 2603 auxiliis
693 2539 881 2621 destitutus,
914 2560 972 2622 per
1003 2561 1076 2603 eum
1109 2539 1174 2602 suis

59 2647 126 2688 non
147 2625 308 2689 restitutus
333 2623 423 2687 fuit’?

300 2745 348 2806 12.
391 2744 553 2806 Promotio
576 2743 724 2827 Hugonis
745 2744 779 2804 in
800 2764 942 2826 regnum.

145 2845 218 2908 Hac
247 2845 402 2909 sententia
423 2844 624 2930 promulgata
645 2855 677 2910 et
702 2846 743 2910 ab
766 2845 912 2908 omnibus
940 2842 1078 2925 laudata,
1108 2842 1175 2906 dux

61 2929 205 2991 omnium
231 2949 388 2993 consensu
408 2930 441 2991 in
463 2951 597 3013 regnum
619 2937 834 3012 promovetur,
863 2937 894 2991 et
915 2949 974 3012 per
994 2934 1095 2989 metro
1121 2924 1174 2989 oli-

58 3021 171 3075 tanum
193 3010 334 3098 aliosque
363 3013 531 3097 episcopos
553 3012 702 3075 Noviomi
731 3019 914 3092 coronetuS,
946 3009 1061 3091 Gallie,
1092 2948 1176 3075 drit-

58 3096 182 3175 tannis,
217 3095 352 3177 Dahis³,
381 3095 567 3181 Aquitanis,
598 3095 725 3176 Gothis,
753 3094 917 3177 Hispania,
947 3093 1172 3176 Wasconibus,

56 3191 139 3241 rexc
169 3178 270 3243 Katd
301 3180 394 3242 Ιιιη.4
430 3187 626 3263 prerogatur.
681 3177 824 3261 Stipatus
859 3178 967 3260 itaque
1002 3196 1174 3260 regnorum

80 3262 257 3346 rincipibus
269 3310 277 3344 ,
320 3284 408 3325 more
445 3263 534 3345 regio
570 3261 716 3324 decretae
753 3258 849 3322 fecitl
881 3258 1030 3343 legesque
1066 3259 1173 3322 condi-

56 3283 121 3426 dit,
147 3345 234 3408 felici
261 3367 411 3409 successu
437 3345 544 3408 omnia
576 3344 724 3408 ordinans
756 3352 851 3426 etque
880 3341 1080 3404 distribuens.
1129 3341 1174 3409 Et

56 3438 93 3492 ut
113 3428 304 3493 beatitudini
326 3451 401 3492 suae
422 3427 635 3513 responderet,
661 3424 760 3489 multo
793 3445 942 3488 successu
968 3435 1098 3487 rerum&
1126 3445 1172 3487 se-

57 3513 235 3580 cundarum
255 3511 388 3594 levatus,
410 3511 452 3575 ad
466 3511 597 3574 multam
612 3512 763 3595 pietatem
776 3507 920 3572 intendit.
956 3507 1085 3593 thueh
1100 3515 1174 3591 post

117 3671 140 3722 a)
155 3674 307 3723 imperatores
324 3696 350 3703 -
365 3675 515 3723 precipitatos
531 3675 552 3715 1.
626 3669 650 3722 b)
666 3672 690 3710 in
705 3682 773 3720 marg.
789 3670 890 3718 scriptam
905 3669 950 3708 alic
965 3679 1032 3708 manu
1048 3669 1103 3709 deus
1120 3677 1173 3717 pro·

55 3733 127 3782 pitius
143 3735 201 3772 esto.
262 3730 282 3784 c)
297 3733 326 3772 ab
341 3733 446 3772 omnibus
461 3733 511 3772 add.
528 3734 548 3771 1.
613 3728 637 3782 d)
653 3731 705 3769 Kal.
721 3731 773 3771 Iun.
789 3729 813 3768 ia
828 3729 873 3767 loco
889 3738 956 3766 uacuo
971 3728 1043 3766 relicto
1056 3731 1105 3776 port
1120 3727 1171 3768 aad.

56 3789 78 3842 e)
94 3792 202 3831 decretra
217 3802 274 3833 corr.
291 3793 391 3831 decreta·
448 3789 545 3842 odedit
558 3792 578 3830 1.
639 3786 663 3840 g)
676 3794 735 3838 post.
751 3788 799 3828 add.
861 3784 885 3837 h)
902 3787 945 3826 alio
958 3787 1028 3836 papir
1043 3789 1172 3827 atramento.

132 3901 161 3968 1)
180 3905 315 3955 Ducatum
334 3904 465 3955 inferioris
488 3904 678 3967 Lotharingiae
702 3919 718 3951 a
742 3917 806 3967 rege
830 3901 995 3951 Theutonico
1021 3904 1172 3965 acceperat.

58 3975 86 4040 2)
105 3977 181 4027 Uxor
200 3978 298 4028 dicitur
316 3976 372 4026 filia
392 3979 496 4027 comitis
515 3977 665 4027 Trecensis.
751 3976 777 4039 3)
797 3975 815 4025 i.
836 3989 859 4024 c.
879 3973 973 4032 Danis,
992 3972 1171 4022 Nortmannis.

57 4048 85 4112 4)
111 4051 155 4100 De
181 4049 233 4100 hac
258 4050 312 4100 diei
343 4055 406 4117 nota
433 4054 494 4115 post
519 4049 612 4100 addita
638 4048 753 4098 dubitari
779 4051 880 4111 potest3
899 4045 963 4094 alibi
983 4043 1042 4094 dies
1060 4044 1087 4092 3.
1108 4043 1171 4093 Iulii

56 4121 208 4187 indicatnr;
232 4123 266 4172 cf.
287 4123 462 4174 Giesebrecht
479 4121 498 4171 l.
520 4138 544 4172 c.
564 4141 590 4188 p.
610 4120 672 4172 848.
697 4147 732 4158 -
759 4118 857 4171 Ollaris
881 4135 908 4184 p.
927 4116 989 4168 532.
1016 4121 1042 4166 et
1066 4116 1171 4166 Mourin

56 4211 83 4260 p.
96 4197 160 4246 349.
181 4197 232 4246 hoc
251 4195 312 4246 loco
325 4196 386 4245 Kal.
400 4194 452 4246 Iul.
470 4194 614 4260 legendum
634 4207 693 4244 esse
714 4197 805 4242 contra
823 4189 903 4240 fidem
923 4188 1024 4239 codicis
1043 4192 1171 4238 statuunt.

58 4266 88 4317 Si
112 4285 177 4320 vero
203 4268 363 4319 Laudunum
388 4269 440 4318 hoc
460 4283 529 4318 anno
550 4273 655 4334 captum
676 4270 703 4315 et
722 4266 755 4314 ab
774 4265 889 4328 Hugone
909 4265 1011 4311 aestate
1031 4259 1169 4309 obsessum

57 4345 157 4394 statuas
177 4340 257 4409 (infra
276 4358 303 4408 p.
325 4341 422 4392 13711.
445 4339 489 4408 1),
510 4345 582 4391 certe
598 4338 658 4390 Kal.
678 4338 749 4387 Iunii
767 4333 957 4403 praeferendae
975 4336 1044 4383 sunt.
