2820 4824
209 354 244 404 40
466 351 619 402 RICHERl
637 349 890 402 HISTORIARUM
909 348 1021 399 LIBER
1039 347 1077 396 11.

149 537 200 578 oss.
234 521 327 601 ossit,
361 528 562 604 contemptus
594 516 742 582 videlicet
773 517 858 601 regis
891 537 930 578 ac
961 538 1019 600 per
1051 516 1114 580 boc
1148 520 1334 605 principum

210 544 384 668 dissensus.
428 602 602 686 Repetatur
623 623 699 685 ergo
722 602 841 665 interru
866 611 899 664 ta
919 598 1084 683 paululum
1106 603 1223 687 regiae
1245 627 1333 689 gene·

210 688 342 752 rationis
372 685 465 766 linea,
497 706 535 748 ac
562 683 675 748 Karoli
703 684 804 748 filium
861 683 1031 747 udovicum
1060 706 1080 747 a
1110 691 1333 753 transmarinis

234 769 356 836 artibus
384 778 580 850 revocantes,
610 790 718 851 regem
747 768 839 832 vobis
862 767 1011 832 decenter
1039 778 1156 834 create.
1217 771 1332 860 Sicque

210 796 295 936 dett
317 866 352 919 ut
373 865 404 919 et
425 854 557 938 antiqua
578 850 728 916 nobilitas
749 853 857 936 regiae
880 851 986 936 stirpis
1008 863 1164 934 servetur,
1190 866 1224 920 et
1237 856 1332 922 fanto

211 940 283 1003 resb
298 959 318 1000 a
334 938 540 1036 querimoniis
556 937 731 1022 quiescant.
767 936 836 999 Iam
852 935 938 1020 quod
952 935 1058 1020 potius
1081 947 1130 1000 est
1152 951 1331 1025 sequentes,

211 1046 230 1087 a
252 1024 419 1086 maritimis
442 1022 550 1085 horisc
572 1019 805 1084 adolescentem
833 1021 1037 1083 revocemus’.
1082 1019 1216 1100 Quibus
1243 1025 1330 1089 dictis

212 1105 378 1171 Gallorum
399 1106 561 1191 principes
583 1105 664 1167 mira
692 1101 905 1168 benivolentia
928 1102 1043 1166 cedunt
1051 1105 1075 1166 *.
1119 1104 1207 1168 Dux
1230 1110 1330 1194 itaque

209 1190 332 1276 legatos
366 1201 506 1254 oratores
539 1199 627 1251 trans
662 1209 748 1250 mare
782 1186 824 1250 ad
856 1186 1097 1250 accersiendum
1130 1188 1328 1256 Ludovicum

210 1275 270 1338 diri
294 1276 328 1357 it,
352 1275 407 1360 qui
430 1275 459 1338 ei
488 1295 507 1335 a
529 1271 610 1335 duce
627 1269 803 1335 Galliarum
825 1269 957 1417 aliisque
974 1269 1178 1356 principibus
1194 1275 1328 1340 reditum

210 1298 365 1423 suadeant
402 1379 440 1421 ac
472 1357 511 1420 de
543 1355 665 1419 itineris
697 1355 866 1419 securitate
921 1353 994 1417 dem
1033 1360 1232 1424 sacramenti
1268 1361 1327 1424 iure

209 1443 337 1522 faciant,
360 1442 542 1525 principum
568 1438 741 1502 adventum
766 1461 867 1524 usque
893 1437 934 1502 ad
955 1439 1043 1524 ipsas
1067 1436 1202 1506 litoreas
1223 1464 1326 1508 arenas

210 1527 405 1590 denuntient.
437 1523 501 1604 Qui
516 1544 594 1585 mox
610 1522 745 1606 digressi
759 1522 919 1586 Morinum
928 1525 982 1567 *Μ
1000 1522 1210 1592 devenerunt.
1236 1526 1327 1592 Cuius

209 1611 242 1672 in
272 1619 368 1693 portu
395 1629 492 1671 naves
521 1607 554 1669 in
577 1608 665 1687 ressi,
694 1605 772 1670 velis
800 1606 995 1670 tumentibus
1025 1610 1191 1692 prosperis
1222 1613 1326 1691 ventis,

210 1693 329 1777 raptim
352 1690 393 1754 ad
415 1702 531 1755 terram
554 1629 670 1754 devexi
692 1692 794 1754 suntd.
845 1688 1058 1754 Adelstanus⁰
1080 1714 1140 1755 rex
1163 1697 1199 1757 in
1221 1695 1326 1760 urbem

211 1797 293 1861 quae
317 1774 432 1838 dicitum
452 1775 614 1838 Eurvich²
636 1796 808 1858 regnorum
830 1774 960 1858 negotia
989 1795 1062 1837 cum
1084 1788 1207 1860 nepote
1230 1779 1326 1842 Ludo-

211 1859 284 1922 vico
310 1858 396 1943 apud
425 1880 498 1922 suos
521 1856 720 1942 disponebat.
763 1857 837 1920 Huc
860 1857 888 1921 le
912 1858 957 1920 ati
979 1857 1196 1942 devenientes,
1225 1885 1326 1948 regem

211 1941 330 2007 adeunt
358 1964 395 2006 ac
425 1942 564 2007 adueef
588 1939 854 2026 magnatibusque
896 1940 1043 2005 *allorum
1071 1942 1227 2009 decenter
1256 1956 1326 2011 salu-

211 2037 328 2091 tantur.

294 2176 322 2240 3.
353 2175 507 2260 Legatos
530 2173 715 2240 Gallorum&
737 2173 779 2237 ad
801 2172 1033 2241 Adelstanums
1055 2197 1166 2260 regem
1188 2199 1251 2262 pro

673 2257 871 2321 Ludovieos.

294 2361 503 2447 Legationem
519 2361 613 2424 etiam
629 2359 884 2484 promulgantes:
908 2359 1039 2440 ‘Ducis',
1055 2360 1215 2446 inquiunt,
1234 2363 1325 2428 ‘beni-

210 2444 348 2509 volentia
370 2456 465 2530 atque
488 2446 629 2507 omnium
675 2445 730 2528 qui
751 2445 784 2506 in
800 2441 912 2506 Galliis
934 2444 1073 2528 potiores
1096 2455 1171 2508 sunt
1192 2445 1258 2509 huc
1275 2469 1327 2532 per

209 2528 312 2591 undas
334 2528 435 2611 ignoti
465 2527 562 2590 maris
584 2527 786 2607 devenimus;
815 2537 904 2591 tanta
932 2537 980 2590 est
1011 2528 1153 2590 omnium
1183 2529 1326 2596 voluntas

211 2612 353 2676 omnium
376 2633 416 2673 ue
439 2631 620 2672 consensus.
663 2609 784 2673 Divaei
806 2612 979 2687 memoriae
1001 2609 1137 2675 Rodulfo
1162 2613 1236 2677 orbi
1259 2615 1325 2679 sub-

209 2704 322 2775 tracto,
352 2632 420 2756 dux
449 2691 649 2756 Ludovicum
673 2694 847 2759 succedere
865 2695 1063 2780 procuravit,
1086 2716 1159 2758 cum
1184 2696 1218 2759 id
1240 2697 1326 2762 multi

209 2778 302 2840 inviti
332 2775 552 2858 concederent,
587 2798 623 2840 eo
654 2777 740 2862 quod
762 2777 801 2842 de
823 2780 922 2863 patris
952 2779 1099 2863 captione
1121 2778 1227 2844 filium
1250 2782 1325 2845 adeo

210 2871 394 2945 suspectum
409 2860 571 2924 baberent.
604 2862 754 2926 Attamen
776 2862 850 2925 duci
873 2862 1047 2927 elaboranti
1069 2861 1102 2924 id
1122 2864 1163 2927 ab
1180 2867 1325 2931 omnibus

209 2943 435 3008 iocundissime
452 2965 636 3009 concessum
652 2954 709 3008 est.
743 2945 911 3010 Ludovieo
935 2968 1011 3032 ergo
1034 2967 1144 3010 omnes
1166 2947 1251 3012 bene
1272 2973 1326 3035 per

211 3028 318 3091 omnia
333 3025 452 3092 obtant.
485 3027 552 3092 Nec
568 3026 629 3092 sibi
644 3029 816 3115 quicquam
839 3031 941 3094 maius
964 3041 1019 3094 aut
1041 3030 1145 3093 carium
1168 3035 1239 3095 estk
1262 3036 1324 3097 eius

211 3109 322 3175 salute.
365 3111 458 3176 Illum
488 3113 596 3198 itaque
619 3134 727 3177 omnes
756 3112 848 3177 reddi
876 3124 998 3198 petunt,
1049 3135 1123 3176 uem
1150 3115 1184 3176 in
1217 3115 1324 3180 Galliis

210 3193 329 3260 utiliter
343 3218 477 3281 regnare
493 3197 635 3282 cupiunt.
672 3197 815 3282 Tempus
831 3197 979 3262 constitui
994 3135 1113 3278 volunt,
1138 3219 1203 3283 quo
1218 3223 1324 3285 regna-

210 3289 281 3344 turo
314 3280 355 3345 ad
385 3283 455 3367 ipsa
483 3281 580 3345 maris
609 3279 702 3344 litora
731 3281 800 3343 dux
829 3302 901 3344 cum
932 3282 1129 3366 principibus
1160 3288 1324 3348 occurrat'.

209 3362 415 3430 *Adelstanus
448 3388 506 3429 rex
539 3365 606 3428 acsi
637 3365 802 3429 barbaris³
836 3387 900 3428 non
932 3365 1006 3429 satis
1038 3365 1180 3447 credens,
1212 3368 1254 3431 ab
1283 3369 1325 3434 eis

209 3448 306 3513 fidem
327 3451 401 3533 per¹
424 3457 621 3513 sacramenta
643 3471 739 3532 super
760 3448 819 3512 boc
842 3449 966 3535 quaerit
991 3459 1023 3512 et
1044 3449 1086 3511 ad
1107 3459 1220 3514 votum
1248 3453 1325 3516 aoei-

208 3535 265 3617 pit.
306 3534 448 3616 Tempus
471 3554 598 3617 quoque
621 3530 772 3618 colloquii
793 3531 932 3596 habendi
954 3534 1112 3605 statuitur.
1149 3533 1267 3620 Legati
1288 3536 1326 3600 ab

208 3638 285 3701 rege
300 3616 458 3679 munerati
473 3626 568 3700 atque
583 3616 727 3700 digressi,
742 3618 775 3679 in
791 3615 912 3680 Gallias
928 3617 1008 3680 mari
1022 3638 1168 3681 remenso
1183 3619 1326 3700 redeunt,

282 3775 307 3841 *)
324 3790 356 3826 ac
374 3776 541 3828 Ludovicum
560 3779 762 3830 accersiendum
783 3778 959 3830 conclamant.
980 3779 1043 3830 add.
1065 3782 1088 3828 1.

200 3845 204 3853 “
244 3852 247 3856 ’
270 3846 307 3914 **)
327 3850 475 3902 Bononiam
497 3854 519 3900 1.

269 3993 291 4044 a)
304 4000 355 4044 poet
370 3997 418 4035 add.
464 3995 487 4048 b)
504 3999 572 4038 multi
588 4001 609 4040 1.
657 3996 678 4050 c)
696 3999 739 4037 te.
756 3999 807 4038 oris.
868 3997 890 4048 d)
909 3999 1049 4038 devenerunt
1066 4000 1087 4037 1.
1141 3996 1163 4048 e)
1180 3999 1231 4039 Rex
1246 4001 1289 4040 Ad.
1307 4001 1328 4039 l.

207 4051 227 4104 f)
243 4053 264 4094 d.
273 4052 393 4094 Gallorum
411 4058 430 4095 1.
485 4055 508 4107 g)
525 4058 555 4108 io,
572 4069 630 4108 rum,
647 4068 724 4107 anum,
741 4058 822 4097 dovico
839 4058 894 4096 absc.
941 4054 964 4106 h)
981 4057 1087 4096 omnibus
1103 4067 1132 4096 ex
1150 4057 1234 4098 Galliis
1250 4061 1327 4100 faven-

208 4112 268 4152 tibus
284 4112 328 4152 huc
345 4115 365 4156 1.
426 4112 444 4166 i)
460 4116 488 4155 D.
504 4117 534 4156 M.
551 4128 568 4157 e.
630 4116 655 4168 k)
672 4128 690 4156 c.
706 4115 818 4156 Ludoviei
835 4119 855 4155 1.
916 4114 933 4167 l)
949 4116 999 4156 iure
1015 4117 1154 4156 sacramenti
1171 4119 1192 4158 1.

284 4241 311 4311 1)
331 4246 480 4314 Boulogne.
556 4246 585 4312 2)
605 4248 746 4312 Evervich,
772 4247 931 4313 Eboracum,
957 4249 1038 4302 York.
1121 4246 1150 4316 3)
1170 4251 1189 4302 i.
1206 4266 1230 4301 e.
1250 4265 1326 4318 pere·

208 4319 299 4384 grisiis,
320 4321 425 4372 exteris.
