2820 4824
333 358 488 409 RICHERI
508 357 759 410 HISTORIARUM
777 358 889 410 LIBER
907 359 961 410 111.
1168 364 1220 414 117

98 526 235 615 prebeat
266 527 473 611 animumque
504 526 670 587 ministret.
719 523 792 586 Hoc
819 547 946 610 quoque
973 526 1042 591 fieri
1068 529 1219 612 possibile
1229 546 1282 591 ser.

100 620 180 693 ests,
202 612 228 673 si
242 610 364 674 Romae
378 630 463 673 nunc
502 610 618 672 ositum
635 607 785 672 Ottonem
799 607 912 692 legatis
930 613 1093 693 premissis
1108 623 1219 678 cautus

100 705 134 760 et
162 696 412 778 circumspectus
442 715 460 755 a
485 694 570 760 ieris.
618 691 692 754 Non
719 692 803 754 enim
830 695 876 756 sic
903 695 996 777 parvi
1023 703 1072 758 est
1098 698 1219 781 ingenii

101 779 190 860 Otto,
211 787 247 841 ut
268 787 299 841 te
320 778 497 862 potioremh
518 775 668 841 Lothario
690 777 785 837 annis
808 784 839 839 et
860 776 1000 860 opibusi
1024 790 1123 862 noret,
1145 803 1219 844 cum

100 884 178 946 sepe
200 870 232 925 et
251 860 286 924 id
307 861 443 924 audierit
463 869 495 924 et
515 883 573 945 per
596 882 663 922 sese
686 881 728 922 ex
753 863 838 922 ertus
853 862 902 923 sit.
939 801 1033 926 Unde
1050 872 1081 927 et
1094 863 1218 928 facilius

100 947 169 1010 eius
190 945 370 1008 amiciciam
400 943 602 1030 adipisceris;
636 881 797 1028 ⁰proddrit
818 944 914 1006 etiam
936 948 1099 1031 sanguinis
1120 949 1219 1013 vestri

99 1029 334 1116 propinquitas
358 1049 432 1091 cum
453 1049 555 1112 aeque
578 1036 613 1090 ut
627 1025 797 1089 Lotharius
819 1027 848 1090 ei
870 1028 903 1089 in
920 1026 981 1091 hoc
997 1029 1216 1114 coniungaris'.

186 1112 236 1175 84.
287 1111 380 1191 Quae
416 1111 573 1175 sententia
606 1108 730 1194 prolata
766 1109 970 1174 favoraliterd
1006 1111 1081 1177 duci
1109 1113 1218 1178 habita

99 1205 158 1261 est.
202 1195 332 1280 Legatis
353 1195 452 1280 igitur
473 1195 609 1276 directis,
633 1192 700 1256 dux
722 1194 883 1256 animum0
901 1194 1083 1260 huiusmodi
1106 1195 1217 1262 Ottoni

98 1280 202 1344 Rome
224 1278 386 1342 indicavit.
424 1279 500 1344 Otto
522 1280 603 1340 mira
624 1275 838 1342 benivolentia
858 1276 979 1362 legatos
995 1281 1131 1365 excepit.
1164 1282 1216 1346 De

98 1363 248 1427 amicicia
280 1383 408 1447 quoue
441 1363 524 1425 inter
550 1360 619 1424 illos
649 1359 797 1424 habenda
825 1384 858 1425 se
886 1364 1124 1446 paratissimum
1151 1387 1216 1429 non

97 1449 246 1532 negavit3
276 1385 367 1532 quodl
393 1447 419 1509 si
449 1447 519 1530 ipse
541 1445 609 1508 dux
631 1444 673 1508 ad
695 1466 728 1507 se
750 1446 889 1526 veniret,
918 1454 1026 1510 utam
1051 1445 1111 1511 lius
1132 1459 1216 1512 uter-

98 1554 162 1616 que
184 1530 351 1594 amiciciae
373 1530 439 1593 vim
462 1530 671 1614 experiretur,
694 1550 766 1592 eum
789 1550 862 1591 cum
883 1530 949 1593 suis
972 1553 1005 1594 se
1020 1470 1169 1596 decenter
1184 1543 1216 1596 et

98 1637 174 1678 cum
196 1614 315 1677 honore
338 1623 557 1698 excepturum.
593 1613 707 1697 Legati
728 1614 847 1676 reversi
869 1613 943 1676 duci
963 1614 1114 1678 mandata
1132 1626 1215 1680 retu-

96 1697 212 1762 lerunt.
255 1697 336 1760 Dux
356 1697 456 1781 igitur
477 1696 634 1782 quosdam
655 1717 790 1781 magnae
819 1695 1007 1795 prudentiae
1029 1708 1060 1762 et
1081 1701 1216 1764 astutiae

97 1804 286 1862 assumens,
327 1778 498 1843 Arnulfum
538 1780 686 1844 videlicet
716 1778 993 1844 Aurehanensium
1030 1784 1215 1870 episcopum

97 1875 196 1951 atque
222 1863 445 1927 Burchardum
471 1885 595 1928 necnon
623 1911 880 1928 .............
889 1865 899 1906 f
918 1863 1057 1950 reliquos
1087 1889 1214 1953 quoque

97 1948 273 2013 admodum
299 1949 494 2012 necessarios
523 1949 623 2029 viros,
653 1947 789 2012 Romam
815 1948 1027 2032 progreditur.
1078 1950 1213 2016 Sanctus

96 2032 259 2120 apostolos
280 2034 415 2096 honorat
435 2043 531 2117 atque
554 2033 599 2094 sic
620 2053 728 2116 regem
750 2033 839 2117 petit.

318 2152 368 2217 85.
411 2152 560 2217 *Ottonis
583 2162 679 2213 cumss
701 2151 838 2234 Hugone
860 2151 958 2214 sessio
968 2163 991 2214 Β.
1218 2176 1276 2224 aa
1290 2181 1328 2225 ιο,

184 2254 260 2320 Otto
289 2253 424 2339 gloriam
448 2253 510 2318 sibi
532 2274 645 2338 parare
668 2252 807 2336 cupiens,
831 2275 873 2316 ex
894 2252 1050 2316 industria
1073 2255 1147 2338 egit,
1168 2263 1213 2337 ut,

97 2339 247 2404 omnibus
269 2359 288 2400 a
311 2336 458 2401 cubiculo
480 2339 569 2421 regio
592 2337 725 2416 emissis,
749 2336 816 2398 eius
838 2334 964 2421 gladius
987 2359 1082 2421 super
1104 2335 1213 2401 sellam

96 2421 258 2522 plectilem
285 2421 511 2508 deponeretur,
541 2419 609 2483 dux
639 2420 733 2483 etiam
761 2418 846 2482 solus
869 2441 942 2482 cum
971 2419 1037 2484 solo
1061 2421 1211 2506 episcopo

95 2505 358 2587 introduceretur,
381 2514 425 2585 ut,
447 2527 522 2589 rege
540 2503 710 2568 Latiariter
731 2501 889 2589 loquente,
913 2505 1020 2590 episco
1045 2503 1212 2567 usLatini-

94 2591 170 2655 tatis
191 2590 347 2676 interpres
370 2589 446 2652 duci
466 2587 621 2733 quicpuid
642 2588 801 2651 diceretur
824 2586 988 2654 indicaret.
1022 2527 1213 2673 introgressi

95 2674 195 2760 igitur
216 2675 257 2736 ah
279 2674 378 2759 regeh
398 2672 520 2757 ingenti
553 2693 648 2736 avore
671 2671 799 2756 excepti
814 2681 896 2735 sunt.
929 2673 1000 2736 Rex
1024 2672 1212 2736 iniuriarum

96 2755 261 2843 querelam
290 2757 431 2855 deponit.
481 2756 525 2819 Et
553 2754 711 2818 osculumi
734 2755 822 2836 dans,
852 2756 988 2841 gratiam
1016 2757 1065 2818 sui
1091 2755 1212 2820 favora-

94 2841 190 2906 litera
211 2843 315 2905 amico
337 2841 488 2926 rmpertit.
536 2841 614 2904 Post
635 2838 735 2903 multa
756 2839 916 2924 colloquia
937 2841 977 2903 de
999 2840 1145 2903 amicicia
1158 2840 1213 2903 ha-

95 2925 213 3004 benda,
241 2946 314 2988 cum
341 2947 400 2988 rex
426 2924 528 2988 exiret
554 2922 761 3008 gladiumque
789 2924 963 3008 respiciens
985 2932 1115 3008 peteret,
1144 2923 1213 2987 dux

95 3007 263 3094 paululum
285 3030 304 3070 a
326 3031 359 3072 se
382 3007 548 3071 discedens
570 3029 604 3070 se
625 3006 799 3088 inclinavit,
821 3018 857 3070 ut
878 3006 1022 3091 gladium
1036 3005 1159 3072 toHeret
1173 3029 1212 3072 ac

95 3103 169 3178 post
201 3115 309 3177 regem
337 3092 442 3156 ferret.
485 3090 557 3153 Hae
588 3090 674 3152 enim
701 3111 798 3153 causa
825 3112 922 3175 super
948 3089 1055 3154 sellam
1083 3089 1211 3155 relictus

94 3177 167 3259 fuit,
188 3185 233 3256 ut,
256 3175 333 3238 dum
355 3176 423 3240 dux
453 3174 597 3238 cunctisk
626 3172 830 3237 videntibusk
857 3173 1020 3257 gladiumk
1045 3173 1150 3255 ferret,
1178 3175 1212 3237 in

120 3261 281 3324 osterumk
303 3260 398 3322 etiam
421 3281 454 3322 se
476 3259 700 3342 portaturumk
714 3255 900 3320 indicaretl.
933 3257 1116 3342 Episcopus
1135 3279 1211 3320 vero

94 3284 173 3408 duci
194 3341 372 3424 consulens,
399 3341 541 3427 gladium
563 3339 604 3404 ab
628 3341 696 3404 eius
720 3362 818 3402 manu
840 3341 954 3424 rapuit,
985 3348 1016 3404 et
1037 3340 1046 3400 i
1073 3361 1106 3402 se
1128 3339 1211 3403 defe-

93 3448 180 3509 rens,
201 3435 276 3512 post
295 3449 405 3512 regem
430 3425 571 3488 incessit.
616 3423 715 3489 Cuius
738 3424 940 3509 prudentiam
962 3423 1022 3486 sim
1077 3429 1108 3485 et
1128 3430 1211 3485 astu-

94 3513 174 3576 tiam
195 3533 254 3574 rex
276 3511 460 3591 admiratus,
483 3508 570 3595 apud
592 3530 667 3572 suos
689 3518 800 3592 postea
820 3529 885 3570 non
906 3508 974 3570 sine
992 3504 1087 3570 laude
1103 3506 1210 3591 sepius

93 3594 317 3679 frequentavit.
353 3595 480 3658 Ducem
502 3614 628 3678 quoque
650 3592 683 3655 in
704 3590 842 3676 plurima
862 3591 1008 3654 amicicia
1027 3601 1211 3675 susceptum

95 3699 171 3742 oum
192 3677 311 3742 honore
333 3687 365 3742 et
385 3699 464 3763 pace
486 3699 567 3762 pene
589 3697 690 3760 usque
712 3673 754 3739 ad
775 3674 874 3760 Alpes
897 3674 1014 3738 deduci
1035 3673 1119 3739 fecit.

300 3799 349 3863 86.
392 3795 538 3882 Epistola
559 3795 702 3860 Lotharii
723 3794 764 3859 ad
787 3793 1000 3860 Chonradum.

179 3898 350 3964 Lotharius
371 3922 430 3964 rex
451 3920 576 3962 necnon
598 3906 630 3960 et
650 3897 767 3960 Emma
794 3898 905 3982 regina
926 3897 1063 3960 ‘insidias
1091 3895 1211 3980 ubique

92 3983 266 4069 parabant3
295 3993 327 4047 et
353 3992 389 4047 ut
417 3983 451 4045 in
479 3982 592 4045 itinere
621 3980 806 4045 redeuntem
836 3991 995 4067 caperent,
1024 3978 1113 4044 dolos
1140 4002 1211 4066 pre-

156 4162 179 4215 α)
196 4164 363 4212 gloriosissime
379 4163 429 4203 cdd.
447 4164 467 4202 1.
519 4160 543 4214 b)
559 4163 712 4212 potentiorem
730 4165 749 4201 1.
801 4160 821 4213 c)
837 4161 903 4208 Quod
918 4163 944 4200 ut
959 4159 1052 4199 facilius
1067 4159 1107 4200 flat
1121 4161 1170 4200 add.
1190 4161 1211 4200 1.

95 4221 119 4275 d)
136 4224 171 4262 ita
186 4223 219 4262 bia
238 4234 255 4265 c.
322 4220 344 4272 e)
360 4232 381 4262 a.
406 4231 472 4260 suum
496 4223 516 4262 1.
591 4219 685 4272 olores
708 4226 770 4260 vacat
795 4221 818 4260 tn
840 4231 858 4260 c.
920 4218 942 4269 g)
960 4221 979 4258 is
1002 4229 1061 4269 cum,
1077 4219 1138 4257 esslo
1153 4217 1210 4256 absc.

94 4280 120 4334 h)
134 4287 187 4332 post
202 4281 253 4323 add.
320 4280 338 4332 i)
355 4281 435 4320 oscula
451 4281 471 4319 1.
534 4277 559 4331 k)
576 4283 601 4319 ut
619 4302 645 4310 -
661 4281 775 4320 indicaret
789 4281 813 4320 in
828 4288 889 4328 mcrp
898 4305 904 4326 ,
921 4278 959 4317 abt
975 4288 1040 4329 cunc,
1055 4275 1105 4328 bus,
1122 4277 1169 4327 ela,
1184 4275 1210 4314 in

94 4353 146 4394 pos,
162 4350 242 4392 opor,
258 4340 330 4379 iceret
345 4339 401 4380 abac.
