2820 4824
197 333 249 385 168
434 332 588 385 RICHERI
607 331 861 384 HISTORIARUM
879 330 991 383 LIBER
1009 332 1081 383 1111.

135 516 186 559 ssa.
416 501 468 564 84.
510 498 632 563 Dolus³
655 498 800 564 Oouauia
821 508 932 562 contra
952 497 1061 564 hostes
1069 510 1092 562 ⁸.

281 603 360 666 Post
380 602 530 666 insidiasb
551 603 621 687 ipse
642 601 729 664 acies
752 599 914 681 ordinans,
944 601 989 664 sic
1015 599 1131 666 fraude
1161 624 1241 666 usus
1262 613 1313 686 est,

197 696 233 750 ut
256 685 385 766 diceret,
408 707 441 749 se
462 684 508 748 ihi
524 706 712 748 mansurum
732 706 792 747 nec
806 682 938 748 ulterius
953 683 1059 748 hostes
1079 685 1312 770 quaesiturum

199 770 225 833 si
255 767 363 832 hostes
392 777 554 853 urgerent,
582 768 629 832 ibi
657 777 780 832 tanturn
808 768 907 832 vitam
934 767 1157 851 defensurum3
1188 792 1250 835 nec
1275 773 1311 836 oh

198 862 319 917 metum
337 852 371 916 id
384 852 553 934 facturum,
574 863 607 917 at
627 860 663 915 ut
682 851 798 932 hostes,
821 853 849 915 si
863 874 932 916 sese
948 862 1081 936 querant
1103 862 1137 917 et
1150 855 1309 938 impetant,

199 946 309 1000 contra
329 937 379 999 ius
400 936 434 1000 id
454 935 588 1018 faciant3
611 937 658 998 sic
673 936 757 998 enim
772 957 883 999 eorum
897 935 990 999 ruina
1003 935 1128 1000 facilius
1148 939 1309 1022 provenire

198 1020 309 1168 ffssst'
336 1039 408 1082 cum
431 1042 488 1083 sua
508 1020 685 1084 temeritate
708 1019 832 1104 quietos
855 1028 886 1084 et
906 1019 1054 1083 innoxios
1076 1020 1308 1104 aggrediantur.

238 1104 249 1165 i
280 1105 387 1189 itaque
419 1105 504 1167 acies
537 1103 712 1183 ordinavit,
745 1101 878 1165 insidias
910 1103 944 1165 iu
975 1113 1152 1188 prospectu
1184 1105 1307 1171 habeus.

198 1187 341 1252 Herebat
369 1209 445 1271 ergo
477 1186 648 1284 hostesque
675 1195 867 1271 excepturus
895 1188 1133 1332 opperiebatur.
1196 1188 1310 1253 Fulco⁰

200 1270 368 1336 Conanum
388 1270 551 1336 herentem
572 1270 684 1335 videns
715 1291 776 1333 nec
802 1269 842 1333 ab
865 1291 903 1334 eo
937 1291 995 1334 oco
1017 1271 1181 1335 exiturum
1192 1272 1216 1354 ἃ,
1246 1295 1309 1336 cum

198 1354 329 1419 insidias
351 1356 496 1436 nesciret,
521 1375 594 1418 suos
609 1353 708 1417 multo
723 1353 852 1418 hortatu
866 1353 1030 1435 suadebat,
1053 1356 1209 1439 quatinus
1224 1357 1307 1422 vehe

198 1440 318 1503 mentie
340 1440 506 1502 conamine
534 1439 690 1522 impetum
720 1437 860 1502 facerent
891 1437 1061 1522 hostesque
1090 1439 1227 1535 aggredi
1253 1463 1308 1504 non

197 1521 392 1602 dubitarent3
428 1521 467 1586 de
497 1521 648 1586 uictoriaf
673 1543 737 1584 non
763 1520 956 1602 diffiderent,
990 1542 1063 1584 cum
1091 1523 1213 1586 vmium
1244 1546 1309 1609 spes

80 1608 119 1664 'n
135 1613 185 1655 ⁶⁵1·
198 1607 318 1690 optima
331 1627 395 1669 non
411 1604 500 1684 desit,
525 1606 552 1667 si
566 1605 752 1668 Divinitas&
766 1626 879 1670 aversa
901 1610 984 1668 *non
1005 1606 1054 1669 sit.
1097 1605 1188 1670 Dato
1210 1608 1253 1672 ita
1274 1630 1310 1672 ue

198 1691 289 1772 siguo
310 1690 444 1754 irruunt.
486 1688 642 1752 Arbitrati
665 1711 792 1774 quoque
815 1687 951 1752 solidum
972 1689 1044 1770 iter,
1073 1689 1170 1754 fossis
1192 1630 1308 1756 indibr-

196 1783 260 1837 tate
282 1772 529 1857 propinquanth.

398 1891 448 1956 85.
489 1890 710 1976 Precipitatioi
732 1890 871 1956 hostium
892 1893 926 1955 ai
951 1891 1108 1957 Oonanoi'.

282 1992 427 2079 Cumque
455 1993 640 2057 Brittannos
672 2003 759 2057 metu
786 1993 932 2058 herentes
965 1993 1215 2078 arbitrarentur,
1247 1994 1310 2060 telis

198 2075 390 2160 obnitentes,
413 2078 455 2142 ad
476 2076 577 2141 fossas
598 2079 731 2140 irruunt.
779 2078 1029 2163 Precipitatique
1055 2100 1131 2142 cum
1154 2080 1245 2164 equis
1269 2080 1307 2142 in·

196 2171 392 2246 merguntur,
415 2163 477 2226 ac¹¹
492 2182 588 2225 caeca
602 2161 694 2224 ruina
709 2161 840 2242 confusi,
856 2160 898 2224 ad
912 2161 1031 2225 200001
1045 2161 1206 2226 inmersim
1221 2173 1307 2248 atque

196 2246 370 2331 compressi
393 2256 474 2310 sunt.
523 2243 569 2308 At
593 2244 749 2328 posterior
776 2245 945 2325 exercitus,
971 2244 1091 2329 priorin
1138 2247 1310 2334 recipitato,

194 2340 284 2414 terga
305 2329 401 2393 dedit.
444 2328 539 2393 Unde
562 2338 593 2392 et
614 2325 724 2410 Fulco,
745 2328 830 2392 vitae
858 2337 982 2392 tantum
1011 2349 1089 2392 cons
1126 2342 1219 2414 ens0,
1245 2351 1310 2416 prof

195 2413 282 2498 fugio
306 2413 388 2499 eripi
409 2412 593 2477 conabatur.

517 2551 567 2614 86.
608 2547 810 2614 interfectio?
833 2547 987 2613 conenit.

280 2653 384 2732 Quem
406 2674 479 2715 cum
501 2651 580 2736 fuga
602 2651 810 2734 exagitaretu,
834 2649 985 2715 Coranus
1000 2650 1128 2715 interim
1150 2653 1185 2716 in
1209 2653 1310 2718 dume

195 2746 264 2800 tum
286 2747 378 2798 cumr
399 2736 518 2799 tribusr
547 2757 615 2797 sese
637 2735 768 2818 recepit,
790 2735 951 2818 armisque
974 2734 1144 2820 depositis,
1172 2739 1308 2822 corporis

194 2818 351 2882 fervorem
366 2816 407 2880 ad
426 2828 553 2879 auram⁵
576 2818 644 2879 miti
668 2816 752 2880 abat.
790 2818 895 2898 Quem
910 2818 1042 2903 quidam
1056 2818 1308 2885 adversariorum

194 2901 343 2980 intuitus,
376 2899 459 2962 facto
488 2900 611 2985 impetu
632 2840 720 2964 idum
741 2899 890 2982 adorsus,
916 2900 1023 2986 gladio
1049 2904 1215 2968 transfixit
1242 2901 1309 2968 Ful-

195 2985 347 3067 conisque
362 2983 528 3047 victoriam
547 2981 689 3047 extulit¹.
719 2983 846 3064 Fulco‘,
861 2985 967 3049 animo
986 2998 1164 3086 resumpt0,
1182 2988 1312 3052 Namtas

194 3068 311 3152 repetit
332 3075 428 3153 atque
449 3066 642 3150 ingreditur,
673 3069 783 3154 quiin
810 3089 881 3133 arce
912 3079 1020 3133 erant¹¹
1042 3081 1160 3135 acrrter
1183 3091 1309 3136 vexans.

196 3151 261 3231 Qui
294 3151 439 3237 principe
472 3151 614 3215 destituti
641 3173 724 3236 pene
758 3153 939 3235 exanimes,
971 3154 1165 3238 inpugnanti
1198 3153 1311 3220 cedunt

194 3234 354 3322 fidemque
376 3233 527 3322 postulati
547 3233 679 3303 faciunt.

241 3374 292 3438 87.
333 3372 539 3458 Repudiumv
560 3374 709 3459 reginaev
732 3371 896 3437 Susannae
918 3386 960 3436 av
980 3386 1077 3458 regev
1098 3374 1268 3441 Rotberto.

274 3475 336 3539 His
357 3476 402 3539 ita
424 3497 493 3540 sese
513 3472 715 3557 habentibus,
737 3473 912 3538 Rothertus-
930 3497 989 3538 rex
1011 3495 1084 3538 oum
1105 3477 1141 3540 in
1166 3479 1215 3543 19.
1231 3487 1309 3542 aeta·

191 3559 231 3623 tis
252 3581 336 3623 anno
358 3559 532 3624 iuventutis
554 3557 631 3622 flore
652 3568 808 3640 vernaret,
832 3557 1011 3622 Susannam
1027 3581 1178 3642 uxorem,
1196 3583 1309 3646 genere

251 3730 274 3782 a)
291 3733 335 3783 Do,
351 3742 389 3783 na,
406 3733 436 3771 ho
466 3732 523 3774 absc.
589 3731 614 3785 b)
628 3743 685 3780 quas
704 3734 723 3772 l.
791 3728 811 3781 c)
828 3732 859 3769 ua
874 3731 913 3770 hoc
928 3731 973 3770 loco
989 3743 1008 3771 e.
1073 3730 1309 3783 d)e.advertens1.

193 3788 215 3841 e)
231 3791 303 3829 multo
321 3793 342 3830 1.
424 3787 444 3840 f)
459 3791 547 3830 viribus
564 3792 584 3830 1.
667 3789 690 3842 g)
708 3802 750 3839 sup
765 3790 829 3829 scribi
843 3794 945 3838 coeptam.
1016 3788 1040 3841 h)
1056 3797 1174 3839 proquant
1188 3805 1246 3835 corr.
1261 3801 1307 3842 pro·

192 3849 305 3896 pinquant
321 3851 341 3887 1.
416 3845 679 3899 1)Pre,u,acaosc.
747 3847 771 3898 k)
790 3848 895 3905 Oqcaque
912 3851 932 3889 1.
1002 3847 1019 3900 l)
1035 3849 1067 3888 ita
1084 3841 1142 3900 (U)
1159 3862 1178 3892 c.
1245 3851 1275 3901 m)
1290 3851 1305 3890 t.

191 3909 244 3944 sunt
254 3907 274 3943 1.
334 3902 359 3955 n)
375 3905 451 3946 fronte
466 3907 604 3956 precipitata
619 3918 724 3956 superior.
741 3908 813 3956 priori
829 3912 847 3946 et
863 3917 889 3948 ο..
945 3905 968 3958 ο)
985 3908 1092 3947 consules
1107 3921 1167 3951 corr.
1179 3911 1303 3950 consulens.

191 3960 215 4012 p)
232 3962 268 4013 In,
284 3961 316 4002 Co
332 3962 389 4002 abac.
451 3962 474 4014 q)
492 3969 514 4004 et
529 3975 571 4014 per
586 3967 635 4005 add.
647 3968 667 4006 1.
728 3964 748 4016 r)
761 3967 871 4014 portatu.
933 3963 953 4016 s)
968 3966 1113 4006 amitterem
1123 3969 1143 4008 l.
1204 3967 1222 4020 t)
1238 3968 1305 4008 Fulco

193 4041 215 4050 -
235 4021 318 4070 repetit
332 4021 356 4059 in
371 4020 416 4059 loco
431 4033 491 4062 raso.
553 4022 577 4074 u)
593 4028 641 4063 erut
656 4035 713 4064 corr.
729 4028 802 4065 erant.
863 4022 886 4076 v)
903 4024 947 4076 Re,
961 4035 993 4074 re,
1009 4035 1023 4063 a
1039 4035 1056 4064 r.
1073 4026 1130 4069 utcu

265 4136 293 4205 1)
309 4140 429 4207 Pugnam
444 4143 478 4193 ud
491 4146 579 4194 vicum
591 4145 779 4213 conquiretum
794 4142 996 4212 (Conqusreux)
1009 4151 1114 4210 gestam
1127 4145 1175 4197 alii
1187 4146 1306 4207 tradunt;

192 4212 225 4263 cf.
239 4213 346 4263 Rudolf.
377 4214 454 4266 Glub.
468 4217 506 4279 ΙΙ,
521 4218 546 4278 3,
565 4219 651 4284 Bouq.
666 4220 699 4280 X,
714 4236 741 4284 p.
758 4219 806 4282 15;
825 4219 903 4269 Fulc.
917 4220 988 4270 Hist.
1001 4219 1114 4285 Andrag,
1134 4220 1172 4272 ib.
1185 4237 1211 4288 p.
1229 4219 1305 4281 aot,

191 4284 365 4352 Marchegay,
386 4286 484 4341 chron.
505 4289 552 4339 des
572 4289 669 4356 eglises
690 4289 803 4358 d'Anjou
822 4309 849 4358 p.
869 4291 912 4344 22.
1181 4328 1185 4334 -
