2820 4824
313 357 466 409 RIOHERI
484 357 735 410 HISTORIARUM
754 357 865 408 LIBER
882 358 951 408 IIII.
1154 359 1204 410 159

97 535 192 610 atque
214 523 255 588 ab
277 523 412 587 eeclesia
433 523 575 588 fidelium
600 523 774 609 suspendit,
803 524 1007 588 Remensium
1028 526 1205 624 predonum
1215 541 1264 581 ⁹91·

96 618 253 689 auctores,
274 607 417 689 factores,
442 616 670 692 cooperatores,
687 608 824 672 fautores
839 618 870 672 et
885 629 976 693 apro
1001 609 1055 672 rirs
1071 600 1264 674 dominis¹¹¹¹¹·
1281 599 1317 643 ¹⁷·

95 714 204 756 rerum
226 690 284 754 sub
307 692 474 776 emptionis
496 693 623 756 nomine
645 689 881 756 abalienatores.
926 631 1013 757 Sed>a
1035 714 1107 756 oum
1128 694 1207 758 tanti

95 775 172 840 mali
198 776 369 860 episcopus
398 783 510 839 auctor
537 777 661 857 existat,
692 774 891 839 anathemate
919 774 1080 840 involutus
1109 777 1206 841 mani-

95 859 265 924 festissime
287 868 383 1006 paaltet,
417 859 511 940 Quod
533 860 628 923 etiam
650 857 692 922 ad
713 859 780 922 eius
803 860 1121 945 condempnationem
1142 883 1207 926 non

94 944 264 1008 minimum
284 966 305 1007 v
337 953 384 1007 et.

201 1083 252 1148 64.
294 1080 496 1165 Indignatiob
519 1078 661 1144 Gualteri
683 1081 846 1166 episcopi⁰
867 1081 899 1142 in
922 1079 1100 1145 Arnulfum.

181 1199 350 1267 Gualterus
370 1198 669 1284 Augustudunensis
696 1201 864 1285 episcopus
894 1200 994 1264 dixit:
1028 1200 1090 1264 ‘An
1110 1200 1281 1265 male-sero.
1294 1219 1360 1261 ara

95 1306 193 1350 sanae
215 1285 328 1348 mentis
350 1283 402 1347 hio
430 1284 599 1368 episcopus
626 1305 690 1346 non
712 1293 768 1366 est,
798 1284 852 1382 qui
873 1305 932 1369 pro
954 1307 988 1348 se
1010 1284 1205 1350 defensiones

94 1369 215 1450 nititur,
244 1390 317 1432 curn
338 1366 467 1450 regibus
493 1377 524 1430 et
549 1375 596 1431 tot
623 1368 767 1453 patribus
795 1389 862 1431 elus
890 1368 1040 1453 iniquitas
1067 1366 1204 1432 dilucide

93 1462 203 1540 pateat
224 1461 255 1516 et
275 1452 404 1536 insuper
424 1448 592 1535 presbiteri
613 1449 767 1515 malorum
791 1452 910 1515 conscii
931 1452 1109 1516 testimonio
1131 1472 1204 1515 oon-

94 1535 268 1600 vineatur?
320 1533 374 1598 An
404 1533 473 1618 ipse
505 1531 580 1598 mali
611 1536 758 1599 inventor
788 1533 965 1620 perieulum
997 1533 1204 1600 anathematis

95 1619 231 1686 evadere
253 1619 366 1705 potuit,
397 1637 468 1680 cum
497 1618 564 1702 ipse
586 1617 662 1682 mali
682 1619 828 1684 inventor
849 1629 880 1684 et
900 1619 1004 1684 fautor
1023 1621 1204 1684 inventores

95 1714 127 1769 et
146 1703 306 1767 factoresd
327 1701 530 1786 fautoresque
552 1700 784 1766 maledictionis
805 1700 867 1767 telo
889 1703 1050 1787 perfodit?
1083 1702 1136 1766 An
1157 1705 1204 1789 ip-

94 1810 164 1852 sam
194 1786 404 1852 Divinitatem
435 1784 494 1848 heo
524 1785 742 1884 perpendere⁰
764 1808 828 1850 non
850 1786 1081 1869 animadvertit,
1114 1787 1206 1850 cums

94 1871 250 1955 scriptum
272 1872 321 1951 sit,
344 1868 430 1954 quod
453 1867 534 1932 oculr
554 1869 686 1933 Domini
706 1871 739 1933 in
762 1870 847 1933 omni
862 1867 931 1933 loeo
952 1869 1205 1970 contemplantur

92 1956 195 2020 bonos
218 1964 249 2018 ct
270 1951 391 2016 malos?
432 1951 476 2016 Et
497 1962 581 2018 certe
602 1951 752 2035 arbitror,
782 1954 858 2039 quia
888 1953 970 2018 dixit
997 1956 1364 2040 insiprensinrrov.1o‚a.

94 2037 192 2104 corde
215 2059 287 2102 suo:
309 2036 382 2101 Non
403 2045 451 2101 est
464 2035 564 2100 Deus.
596 2033 847 2101 Animadvertite
869 2059 945 2121 ergo
967 2048 1083 2122 patres,
1107 2059 1250 2124 quamrs.
1267 2065 1303 2118 aa,
1320 2068 1339 2106 1.

93 2123 235 2267 eorruptfi
257 2129 329 2184 sunt
349 2128 381 2184 et
401 2117 653 2184 abominabiles&
673 2121 749 2184 facti
770 2129 843 2184 sunt
864 2122 897 2184 in
918 2121 1031 2184 studiis
1053 2122 1119 2185 suis
1140 2121 1202 2185 fao-

91 2215 196 2271 toret
229 2207 337 2269 autor’.

92 2344 144 2408 65.
196 2341 319 2407 Odonis
348 2341 491 2427 episcopi
517 2339 710 2404 admonitioh
737 2338 776 2404 de
802 2338 936 2404 iuditio¹1
966 2340 1170 2405 accelerando
1179 2343 1202 2405 ¹¹.

180 2460 251 2527 Odo
268 2459 511 2526 Silvanectensis
533 2461 700 2546 episeopus
715 2460 796 2524 dixit
807 2472 834 2524 1:
857 2461 1026 2541 ‘Quoniam
1040 2458 1202 2544 religionis
1213 2479 1241 2520 er.
1258 2489 1275 2522 c.
1292 2480 1327 2523 ra.

93 2565 194 2610 causa
225 2555 256 2609 et
284 2545 374 2608 iussu
406 2545 678 2609 serenissimorum
709 2566 822 2629 regum
850 2543 902 2608 hic
931 2543 1054 2608 collecti
1083 2566 1201 2626 sumus,

92 2651 162 2692 non
183 2635 230 2690 est
249 2627 457 2693 differendum
477 2626 615 2691 habendi
635 2627 739 2692 iuditii
759 2649 903 2692 examen.
944 2628 984 2692 Id
1005 2628 1089 2691 enim
1110 2650 1202 2714 reges

117 2709 314 2776 restolantur.
358 2709 469 2777 Olerus
491 2719 522 2774 et
542 2709 633 2796 plebs
662 2712 746 2776 idem
776 2721 954 2796 expectant.
996 2710 1064 2776 Nec
1094 2721 1143 2776 est
1171 2713 1203 2776 in

92 2735 317 2861 diversissimis
350 2795 574 2860 sententiarum
602 2793 776 2860 rationibus
808 2796 927 2860 diutius
959 2795 1202 2878 immorandum,

94 2901 170 2944 cum
193 2900 243 2942 res
259 2879 301 2943 sit
315 2878 445 2944 evidens
467 2887 498 2943 et
511 2877 616 2943 iuditii
630 2880 710 2944 ratio
725 2879 759 2944 in
773 2889 921 2966 promptu
938 2880 987 2945 sit.
1019 2879 1071 2944 De
1087 2880 1203 2966 quibus

93 2985 160 3028 non
183 2960 283 3026 solum
305 2972 432 3048 patrum
454 2964 585 3027 statutai
610 2961 728 3048 legitis,
756 2986 867 3028 verum
893 2965 988 3028 etiam
1012 2985 1070 3048 per
1096 2985 1203 3028 conse-

94 3047 241 3134 quentias
262 3067 366 3110 rerum
389 3046 536 3132 equitatis
562 3068 725 3110 censuram
746 3047 888 3132 proferre
909 3069 972 3111 non
992 3047 1164 3130 ignoratis'.

93 3202 145 3268 66.
182 3200 307 3265 Arnulfi
328 3203 540 3288 persuasor-¹
562 3201 602 3266 ad
624 3200 803 3267 defensores
812 3202 829 3284 ¹,
851 3211 886 3265 ut
905 3199 1017 3264 libere¹
1032 3201 1202 3286 disputent.

179 3320 332 3388 Amulfus
359 3321 596 3387 Aurelianensis
628 3323 735 3407 episoo
761 3343 798 3384 us
828 3319 922 3385 dixit:
951 3319 1064 3402 ‘Licet,
1096 3329 1202 3405 patres
1213 3351 1232 3384 ο.
1250 3343 1287 3383 rr.

92 3405 276 3484 venerandi,
298 3407 357 3472 heo
380 3407 552 3472 certissime
574 3427 607 3469 se
628 3407 675 3469 sio
695 3343 841 3485 habeant,
862 3413 897 3468 ut
918 3403 957 3468 de
978 3402 1111 3468 Arnulfo
1133 3425 1203 3489 pre-

92 3492 250 3572 dicantur,
271 3489 477 3577 plurimisque
498 3490 659 3554 sententiis
704 3497 806 3553 atrum
827 3489 910 3553 iusto
931 3487 1043 3552 iuditio
1059 3487 1203 3552 damnari

91 3572 210 3656 valeat,
232 3582 347 3655 tamen,
369 3596 409 3638 ne
430 3572 595 3638 videamur
616 3571 656 3636 de
699 3573 775 3636 atris
789 3573 881 3636 ruina
894 3571 1026 3636 letantes
1040 3581 1073 3635 et
1086 3571 1120 3634 in
1135 3571 1201 3634 eius

90 3657 298 3722 damnatione
319 3658 438 3743 absque
460 3659 543 3721 iusto
571 3656 725 3738 ardentes,
747 3655 948 3721 statuendum
969 3655 1129 3719 communi
1151 3653 1203 3718 de-

91 3750 182 3806 creto
215 3741 364 3824 arbitror,
397 3750 440 3822 ut,
475 3741 667 3827 quicumque
696 3741 757 3804 inm
785 3741 852 3804 eius
875 3739 1054 3803 defensione
1082 3736 1202 3836 aliquid

90 3825 201 3889 dicere
222 3825 341 3908 nititur,
371 3824 477 3889 locum
499 3823 682 3888 defensandi
702 3823 832 3907 habeat,
861 3822 1005 3888 revolvat
1032 3821 1203 3903 volumina,

153 4012 177 4065 a)
195 4013 266 4054 (tulus
281 4012 433 4053 anathematis
449 4015 470 4054 1.
529 4010 819 4064 b)atio,episeop1atrr.
881 4011 901 4065 o)
917 4014 948 4066 to,
964 4013 984 4053 is
999 4012 1055 4053 abac.
1117 4009 1140 4062 d)
1156 4011 1204 4051 fau·

87 4080 155 4116 tores
174 4074 194 4114 1.
270 4070 292 4123 e)
308 4083 355 4111 non
370 4083 393 4121 p.
411 4073 431 4113 1.
504 4069 620 4122 flocorr.
638 4073 658 4112 1.
733 4069 756 4122 g)
773 4072 863 4112 abhom.
880 4074 901 4114 l.
975 4069 999 4122 h)
1017 4071 1092 4123 admo,
1112 4070 1203 4122 iuditio,

87 4135 138 4175 ndo
155 4132 214 4172 abac.
288 4129 305 4183 i)
323 4131 453 4171 decretal.
529 4128 553 4180 k)
570 4130 655 4170 suatsio
671 4140 726 4170 corr.
743 4131 828 4173 suasio.
902 4129 919 4182 l)
936 4140 984 4182 per,
1000 4130 1074 4181 defen,
1090 4137 1128 4169 ara
1144 4129 1200 4170 abac.

87 4192 123 4245 m)
141 4201 187 4242 pro
204 4192 225 4229 1.

169 4319 198 4387 1)
218 4320 259 4372 Ab
278 4321 319 4372 his
337 4320 417 4389 longe
438 4319 543 4374 diversa
562 4320 633 4389 apud
652 4320 808 4374 Gerbsrtum
828 4319 960 4386 leguntur.
