2820 4824
207 345 224 394 8
470 340 624 392 RICHERI
642 339 896 391 HISTORIARUM
913 339 1025 389 LIBER
1043 339 1065 388 I.

147 527 198 570 saa
209 532 268 596 per
293 509 434 573 hostium
462 509 548 572 acies
576 506 713 572 efferam.
757 505 824 568 Nec
846 505 1006 570 fortunam
1035 503 1110 570 belli
1139 506 1332 594 ambiguam

209 616 252 658 ex
275 612 400 674 aresco,
430 614 504 656 cum
532 589 629 655 semel
655 613 706 654 me
728 589 916 653 moriturum
944 592 1121 688 cognosco'.
1164 589 1220 654 Ad
1249 591 1333 656 haec

211 615 284 743 odo
316 698 391 740 rex:
425 674 569 757 ‘Nostro’,
600 675 716 760 inquit,
754 673 847 736 ‘dono
879 694 918 737 ac
948 675 1132 758 pnncipum
1163 673 1332 742 voluntate

211 760 342 846 signifer
364 761 448 824 esto'.
491 757 549 822 Ille
570 759 697 843 signum
723 758 888 842 excipiens
896 767 918 838 ⁰,
947 759 1075 842 agmine
1104 757 1237 823 densato
1271 762 1333 824 cir-

212 852 395 929 cumseptus
432 841 608 906 incedebat.
661 843 842 927 Factusque
875 842 967 905 cunei
1002 839 1146 906 militaris
1179 865 1331 926 acumen,

210 928 317 993 hostes
338 926 557 993 vibrabundus
586 925 771 1024 ingreditur.
815 925 1050 1073 Pracipitantur
1075 924 1205 991 barbari
1232 929 1332 993 vires-

94 1027 133 1084 ·p.
149 1032 274 1099 oraque
289 1012 465 1076 amittunt&
502 1010 546 1074 At
566 1032 674 1095 regms
689 1009 848 1074 exercitus
864 1031 898 1073 re
923 1011 1000 1091 iens,
1022 1011 1157 1073 *iterum
1179 1011 1333 1097 irrumpit

213 1097 394 1181 sternitque.
438 1095 616 1180 Tercioque
643 1094 773 1158 adortus
805 1092 871 1157 fere
904 1115 1013 1157 omnes
1045 1095 1207 1180 opprimit.
1252 1095 1331 1160 ΕΚ)

212 1201 347 1265 quorum
368 1177 505 1245 tumultu
521 1199 594 1242 cum
616 1200 671 1243 aer
691 1177 842 1242 densatus
864 1175 963 1241 multo
986 1175 1118 1262 pulvere
1138 1180 1330 1263 pinguesce-

210 1273 273 1346 ret,
305 1261 459 1330 Catillus*
482 1284 556 1325 cum
588 1262 701 1346 paucis
733 1283 792 1345 per
825 1259 993 1344 caliginem
1022 1260 1099 1346 fuga
1125 1284 1194 1327 sese
1234 1264 1331 1328 surri-

211 1349 282 1433 puit
302 1356 396 1433 atque
410 1348 444 1409 in
459 1345 596 1410 dumetis
610 1368 680 1410 sese
694 1344 826 1409 abdidit.
871 1345 935 1425 Qui
957 1366 1031 1408 cum
1052 1344 1172 1428 lateret,
1194 1369 1215 1409 a
1229 1348 1331 1411 victo-

211 1432 299 1496 ribus
319 1431 441 1516 passim
462 1427 644 1514 palantibus
669 1450 703 1491 re
728 1437 813 1492 ertus
835 1438 930 1514 atque
954 1438 1065 1515 captus
1092 1439 1148 1510 est,
1177 1431 1331 1517 suisquec

233 1517 268 1579 ui
290 1515 420 1578 secum(l
441 1511 621 1576 1111111111ῐῦἰ
642 1511 676 1597 gl
721 1513 750 1575 'o
772 1512 942 1595 transfixis,
972 1521 1046 1598 post
1073 1512 1176 1599 spolia
1203 1513 1332 1601 direpta

213 1537 321 1664 buoni
342 1598 411 1682 regi
432 1595 556 1661 oblatus
578 1605 634 1660 est.

402 1717 450 1782 10.
495 1716 648 1780 Tiranni⁰
670 1715 849 1801 baptismus
870 1725 922 1781 11ο
944 1717 1152 1781 interfectae.

297 1818 426 1884 Utiliter
447 1841 522 1904 ergo
543 1828 670 1904 patrata
695 1819 838 1900 victoria,
867 1839 927 1881 rex
948 1819 1107 1882 tirannum
1130 1829 1262 1904 captum
1284 1844 1332 1886 se-

215 1925 289 1967 cum
310 1903 498 1968 Lemovicas
521 1903 616 1967 ducit.
659 1901 774 1988 Ibique
796 1904 825 1965 ei
846 1903 931 1966 vitae
960 1922 999 1966 ac
1026 1905 1136 1966 mortis
1166 1905 1332 1988 optionem

215 1986 317 2070 dedit3
341 1988 368 2049 si
382 1986 606 2072 baptizaretur,
628 1987 736 2068 vitam,
760 1988 809 2049 sin
830 1986 945 2066 minus,
971 1996 1106 2049 mortem
1128 1989 1330 2071 promittens

179 2110 183 2117 ·
214 2071 374 2134 Tirannus
403 2093 481 2135 mox
510 2069 631 2169 absque
662 2069 911 2134 contradictione
940 2069 1097 2155 baptizari
1125 2072 1213 2155 petit.
1266 2073 1333 2139 Sed

101 2176 153 2218 nn.
165 2177 202 2217 11.
215 2154 358 2237 dubium,
381 2178 423 2220 an
437 2155 512 2219 fidei
532 2175 703 2240 qmcquam
724 2153 879 2218 habuerit.
924 2153 1009 2233 Quia
1031 2176 1107 2239 ergo
1128 2165 1333 2240 pentecostes

213 2239 354 2304 instabat
375 2239 612 2325 sollempnitas¹
631 2259 670 2302 ac
685 2239 908 2324 episcoporum
924 2247 1097 2301 conventus
1119 2240 1188 2322 regi
1210 2241 1332 2324 aderat,

213 2321 254 2388 ab
278 2325 438 2409 episcopis
460 2325 490 2388 ei
511 2323 694 2388 triduanum
716 2322 867 2386 indicitur
887 2322 1049 2386 ieiunium.
1085 2321 1149 2385 Die
1164 2345 1241 2387 vero
1258 2346 1332 2389 con-

214 2409 323 2472 stituta
345 2429 417 2470 cum
439 2409 473 2471 in
494 2406 627 2471 basilica
642 2407 743 2470 sancti
756 2405 918 2469 Marcialis
932 2406 1092 2470 martirisf
1112 2416 1185 2492 post
1207 2410 1333 2494 episco-

212 2513 328 2576 porum
349 2501 479 2576 peracta
502 2491 607 2554 officia
636 2492 670 2553 in
692 2511 817 2552 sacrum
845 2490 965 2553 fontem
990 2489 1032 2553 ab
1054 2491 1125 2574 ipso
1147 2513 1222 2577 rege
1246 2495 1332 2556 exci-

235 2574 348 2638 iendus
381 2573 588 2637 descenderet
626 2575 754 2657 iamque
791 2573 873 2636 trina
910 2575 1100 2638 inmersione
1132 2576 1166 2636 in
1197 2578 1333 2641 nomine

211 2596 315 2721 lauis
338 2665 370 2720 11
391 2656 466 2719 Filii
488 2666 519 2720 et
541 2655 679 2741 Spiritus
703 2657 803 2719 sancti
824 2655 1003 2740 baptizatus
1026 2667 1117 2739 esset,
1146 2658 1227 2743 lngo
1256 2670 1332 2725 ante

213 2740 353 2826 signifer,
375 2737 484 2824 gladio
507 2738 630 2821 educto,
660 2738 816 2802 loetaliter
843 2761 917 2803 eum
945 2740 1181 2806 transverberat
1202 2764 1241 2808 ac
1262 2744 1332 2808 fon-

103 2842 162 2888 ’11
171 2846 202 2887 4¹.
211 2833 277 2890 tem
299 2831 459 2887 sacratum
479 2822 618 2888 vulneris
640 2822 792 2887 effusione
814 2824 995 2888 immaniter
1017 2834 1160 2890 cruentat
1169 2836 1192 2889 ἓ.
1237 2827 1332 2892 *Rex

211 2916 335 2972 tantum
349 2906 471 2971 facinus
485 2907 666 2992 indignans,
688 2907 887 3056 principibus
901 2908 1117 2992 frementibus,
1132 2909 1331 2976 homicidam

211 2992 284 3076 rapi
305 3011 344 3054 ac
364 2990 516 3055 trucidari
536 2990 634 3055 iubet.
678 2991 745 3074 Ille,
766 2990 873 3076 gadio
895 2994 1047 3078 proiecto,
1068 2993 1203 3079 fugiens,
1226 2997 1332 3060 sancti

212 3073 373 3139 Marcialis
395 3096 484 3138 aram
506 3074 692 3161 complexus
715 3083 779 3158 est3
800 3075 1032 3162 indulgentiam
1050 3076 1091 3141 ab
1106 3099 1182 3223 reqe
1203 3099 1242 3141 ac
1264 3080 1330 3227 pri-

212 3158 352 3223 matibus
373 3157 537 3307 plostulans
560 3169 655 3245 atque
684 3159 835 3247 loquendi
864 3160 970 3225 locum
998 3160 1105 3224 multis
1136 3163 1267 3225 camori
1292 3185 1330 3228 us

199 3252 332 3329 petens.
406 3242 530 3307 tiussu
557 3244 645 3328 regio
677 3243 716 3308 de
746 3246 917 3309 commisso
945 3245 1085 3308 facinore
1117 3266 1333 3330 responsurus

212 3327 341 3393 sistitur
387 3328 550 3414 Orsusque
573 3329 619 3392 sic
641 3329 724 3392 aith:

212 3457 261 3523 11.
293 3457 403 3524 Oratio
421 3458 552 3544 Ingonis
574 3481 632 3545 pro
656 3479 689 3522 se
710 3457 928 3603 qppdtaregem
950 3466 981 3521 et
1003 3458 1164 3543 principes
1186 3462 1331 3525 suasorie

733 3563 752 3604 a
775 3563 786 3602 1
822 3588 828 3603 .

295 3643 412 3707 ‘Deum
432 3643 604 3708 voluntatis
619 3663 709 3706 meae
725 3642 887 3704 conscium
901 3649 1007 3725 testor,
1027 3641 1106 3706 nihil
1128 3642 1207 3706 mihi
1228 3643 1331 3710 fuisse

211 3727 315 3790 carius
336 3736 443 3790 vestra
464 3727 573 3791 salute.
617 3725 733 3789 Vester
754 3746 844 3788 amor
865 3723 906 3788 ad
928 3725 989 3790 hoc
1011 3749 1062 3790 me
1091 3725 1228 3812 impulit.
1274 3728 1330 3794 Ob

282 3867 306 3936 *J
325 3885 372 3920 rex
384 3871 555 3921 barbarorum
571 3871 595 3920 1.

268 3993 291 4047 a)
308 4006 389 4038 ecorr.
434 3995 458 4049 b)
473 3997 500 4038 Ε.
516 4008 539 4045 q.
555 4007 565 4035 e
580 4007 637 4037 corr.
689 3993 710 4048 c)
726 3997 820 4046 suisque
836 3997 919 4046 gladiis
933 3997 1050 4038 transfixis
1066 4001 1088 4038 et
1105 3997 1133 4050 (i)
1154 4000 1236 4050 spoliis
1253 4002 1331 4054 direp-

208 4054 237 4094 tis
255 4056 275 4095 1.
336 4053 360 4107 d)
376 4065 406 4106 m,
422 4055 453 4106 la,
468 4058 477 4094 t
493 4054 549 4097 absc.
611 4053 632 4106 1)
649 4056 665 4107 i,
681 4060 710 4104 et,
728 4068 741 4096 o
757 4057 812 4097 abac.
873 4053 891 4108 f)
907 4057 931 4096 ia
946 4057 991 4096 loco
1008 4068 1076 4097 vocuo
1091 4059 1164 4097 relicto
1181 4059 1201 4103 2.
1262 4060 1286 4112 g)
1305 4066 1332 4102 st.

209 4123 290 4155 ecorr.
352 4111 376 4166 h)
393 4114 468 4164 coepit
484 4115 505 4154 1.

283 4229 308 4292 1)
325 4229 438 4281 Nonnisi
456 4233 581 4281 autumno
601 4245 625 4283 a.
642 4227 705 4283 892.
726 4228 847 4283 Odonem
860 4231 889 4280 in
902 4231 1072 4297 Aquitaniam
1092 4232 1250 4298 perrexisse,
1271 4238 1329 4283 trs·

208 4300 274 4352 dunt
292 4301 361 4353 Anu.
379 4302 489 4355 vedast.
509 4302 527 4353 l.
547 4302 565 4353 l.
