2820 4824
260 395 262 398 ·
320 383 472 434 RIOHERI
491 381 745 434 HISTORIARUM
764 381 876 431 LIBER
894 381 931 432 ΙΙ.
1144 381 1177 428 41

64 547 126 612 aba
148 570 223 633 rege
252 551 370 634 gratias
393 549 465 612 duci
492 548 662 612 referentes
684 569 722 612 ac
768 569 803 613 ro
824 549 910 633 regis
933 545 1062 611 creandi
1084 545 1239 611 advo-sao.
1291 599 1294 603 ,

64 633 190 696 catione
218 632 350 697 multam
383 633 449 696 eius
482 633 656 696 amicitiam
688 654 730 717 po
754 633 885 696 icentes.
940 630 1038 694 Duxi
1071 630 1115 696 ita
1139 653 1178 694 ue

65 738 139 778 cum
164 714 339 780 Galliarum
361 717 560 802 principibus
582 715 747 780 dominum
768 727 900 799 regem⁰
922 716 1097 800 excepturi,
1116 653 1180 778 bo—

64 801 193 863 noniam
209 801 349 881 veniunt,
372 822 410 864 ac
433 822 524 864 secus
546 801 633 884 ipsas
654 798 783 865 litoreas
805 821 917 862 arenas
933 797 1067 881 collecti,
1088 809 1180 884 tugu-

64 883 185 946 riorum
211 882 357 947 incendio
385 885 579 968 presentiam
609 885 723 946 suam<l
752 884 790 945 iis
819 884 873 967 qui
900 883 933 944 in
962 881 1060 947 altero
1088 881 1179 947 litore

65 977 155 1030 erant
190 966 427 1032 ostendebam.
472 965 523 1029 Ibi
556 967 640 1028 enim
667 965 862 1030 Adelstanus
894 988 952 1029 rex
986 987 1058 1029 cum
1090 967 1178 1050 regio

65 1050 209 1134 equitatu
246 1060 412 1134 nepotem
434 1047 702 1134 prestolantibusf
732 1047 833 1111 Gallis
874 1051 1027 1112 missurus
1060 1049 1178 1114 aderat.

65 1131 189 1198 Cuius&
210 1135 299 1196 iussu
321 1133 435 1197 domus
457 1131 579 1216 aliquot
600 1152 781 1213 succensae,
804 1153 872 1195 sese
895 1131 1070 1214 advenisse,
1092 1144 1179 1196 trans

64 1218 178 1301 positis
201 1215 470 1281 demonstrabant.

64 1337 94 1399 4.
135 1337 256 1419 Hugoh
278 1337 321 1399 eti
348 1335 463 1422 reliqui
491 1334 690 1399 Galliarumh
712 1335 873 1419 principes
895 1335 1117 1398 Ludovieumh
1139 1336 1180 1400 ab

159 1419 278 1484 exilioll
300 1422 472 1485 revocanth
494 1421 626 1504 eiusque
646 1419 727 1482 fiunt
750 1417 826 1507 [aql
847 1441 956 1504 regem
972 1431 1088 1484 creant.

150 1523 222 1586 Rex
253 1544 329 1608 ergo
360 1521 506 1586 Odonem
539 1522 725 1607 episcopum
735 1522 759 1600 *,
791 1530 883 1605 post¹
917 1519 1181 1584 Canthorbricen-

65 1607 170 1670 siuml
199 1605 487 1691 metropolitanum,
522 1603 623 1669 Gallis
651 1627 692 1669 ex
720 1603 856 1668 adverso
885 1605 1008 1689 positis,
1039 1605 1178 1688 legatum

65 1690 184 1774 dirigit,
214 1713 349 1776 magnae
371 1690 541 1776 aequitatis
564 1710 601 1752 ac
624 1687 821 1774 eloquentiae
842 1687 956 1768 virum,
980 1688 1180 1752 Ludovicum

64 1796 133 1838 sese
154 1774 289 1838 libenter
314 1775 487 1836 missurum
512 1772 676 1854 mandans,
708 1773 735 1836 si
757 1781 845 1836 tanto
873 1771 961 1835 illum
988 1774 1036 1835 in¹
1067 1770 1179 1836 Galliis

64 1857 184 1922 honore
209 1868 374 1943 proveant,
400 1866 518 1942 quanto
540 1860 610 1942 ipse
633 1878 652 1918 a
674 1857 738 1920 suis
760 1866 932 1941 provectus
954 1866 1011 1938 est,
1033 1878 1107 1919 cum
1134 1854 1179 1918 illi

65 1942 160 2006 etiam
182 1954 275 2005 nonm
297 1943 402 2005 minus
424 1941 459 2004 id
485 1940 591 2004 facere
620 1939 757 2022 valeant,
788 1939 883 2025 idque
911 1939 1115 2003 iureiurando
1146 1963 1179 2004 se

64 2025 204 2089 facturos
228 2025 429 2107 confirment,
464 2024 550 2110 quod
573 2026 600 2087 si
621 2023 752 2104 nolintss,
776 2046 845 2088 sese
868 2024 916 2088 ei⁰
939 2023 1087 2088 daturum
1109 2045 1179 2087 suo·

63 2131 136 2171 rum
163 2108 293 2194 aliquod
321 2131 503 2206 regnorum,
539 2130 602 2193 quo
633 2116 798 2173 contentus
828 2117 859 2171 et
889 2109 954 2170 suis
983 2107 1124 2190 gaudeat
1150 2116 1180 2170 et

64 2190 176 2256 alienis
191 2214 256 2256 non
271 2192 463 2256 sollicitetur.
495 2191 576 2255 Dux
599 2204 693 2255 cumr
714 2190 843 2277 reliquis
860 2190 1036 2254 Galliarum
1051 2213 1179 2277 magna-

64 2275 149 2339 tibus
178 2276 213 2338 id
242 2298 310 2340 sese
336 2276 492 2340 facturum
521 2278 642 2358 asserit,
671 2277 697 2339 si
725 2298 784 2339 rex
813 2284 935 2338 creatus
964 2297 983 2337 a
1012 2276 1077 2337 suis
1107 2297 1179 2338 con·

65 2357 143 2420 siliis
158 2381 222 2421 non
239 2359 400 2424 *absistat
442 2360 699 2445 Prosecutusque
719 2359 923 2422 iurisiurandi
946 2365 1227 2423 sacramentum'r·
1244 2368 1294 2410 ⁵88·

64 2463 129 2504 non
163 2442 283 2506 abnuit.
331 2442 469 2525 Legatos
498 2444 605 2527 itaque
623 2444 774 2525 rediens,
790 2443 858 2527 regi
887 2441 1072 2528 prestolanti
1099 2442 1177 2506 hacc

65 2525 172 2588 omnia
194 2525 297 2590 refert.
348 2525 492 2590 Unde'et
511 2548 640 2592 securus
664 2540 813 2613 nepotem
836 2548 907 2589 cum
938 2527 976 2589 iis
1007 2527 1061 2612 qui
1090 2527 1178 2613 apud

63 2632 98 2672 se
120 2610 260 2693 potiores
282 2619 372 2672 erant
391 2608 510 2674 multas
531 2611 704 2696 insignium
722 2610 895 2675 ambitione
910 2609 1044 2674 navibus
1060 2611 1177 2696 dirigit.

62 2692 215 2779 Velisque
247 2715 325 2757 aura
358 2694 526 2757 commoda
553 2695 755 2778 turgentibus
784 2693 917 2781 pelagus
945 2695 1089 2779 ingressi,
1120 2718 1178 2780 per

63 2778 206 2863 quietum
236 2777 460 2862 spumantibus
489 2781 586 2849 remis
616 2778 658 2842 ad
687 2790 803 2843 terram
831 2779 983 2843 feruntur.
1026 2780 1176 2844 Firmatis

61 2883 137 2925 vero
160 2872 250 2945 tergo
273 2883 387 2926 arenae
413 2862 560 2944 navibus,
581 2863 786 2926 Ludovicuss
809 2861 979 2947 egreditur,
1002 2885 1040 2926 ac
1062 2863 1176 2926 ducem

62 2966 135 3007 cum
162 2945 292 3031 reliquis
320 2948 579 3011 occurrentibus⁰
607 2947 780 3031 excipiens,
807 2948 876 3011 iure
903 2948 1093 3010 sacramenti
1115 2945 1176 3009 sibi

61 3028 242 3112 adcopulat.
286 3029 365 3092 Dux
386 3029 470 3106 inde
487 3029 681 3113 accelerans,
710 3042 846 3116 sequum
872 3030 1051 3112 insignibus
1079 3030 1177 3114 regiis
1227 3047 1229 3052 ·

61 3110 252 3185 adornatum
281 3112 422 3175 adducit.
470 3113 573 3193 Quem
603 3135 676 3177 cum
705 3115 851 3178 ascensui
879 3123 989 3197 aptare
1012 3112 1114 3195 vellet,
1145 3124 1176 3176 et

59 3193 113 3257 ille
136 3195 306 3280 impatiens
327 3196 363 3257 in
383 3194 512 3259 diversa
534 3217 602 3260 sese
624 3196 755 3278 tolleret,
784 3198 966 3261 Ludovicus
988 3196 1065 3281 agili
1087 3195 1176 3260 exili-

60 3279 148 3343 tione
177 3278 354 3364 prosiliens,
384 3300 465 3364 equo
496 3282 649 3365 strepenti
677 3281 821 3367 neglecta
850 3280 963 3365 stapha
991 3281 1175 3365 repentinus

60 3360 187 3424 insedit.
233 3362 329 3442 Quod
351 3363 446 3427 etiam
467 3362 527 3426 fuit
554 3364 700 3430 omnibus
744 3377 849 3430 ratum
872 3385 909 3428 ac
930 3363 1047 3428 multae
1070 3375 1175 3448 gratu-

59 3445 188 3509 lationis
220 3449 416 3532 provocatio.
459 3446 558 3512 Cuius
590 3469 679 3512 arma
733 3473 778 3513 ux
811 3449 1004 3531 suscipiens,
1038 3448 1115 3511 armi
1141 3469 1176 3511 er

59 3529 266 3616 precedebat,
298 3531 400 3595 donec
426 3532 531 3595 iussus
558 3532 760 3617 magnatibus
768 3536 796 3565 **
827 3532 1003 3596 Galliarum
1033 3470 1174 3596 contulit.

135 3692 159 3755 *l
178 3691 296 3758 legatum
316 3694 437 3746 Odonem
457 3696 582 3747 abbatem
604 3698 629 3746 1.

121 3765 157 3833 ”l
177 3767 319 3819 Heriberto
340 3769 430 3818 comiti
450 3768 538 3830 dedit;
564 3769 610 3819 ille
632 3785 737 3835 quoque
762 3768 856 3818 tandiu
882 3769 1061 3832 armigeravit,
1090 3769 1175 3818 donec

181 3846 207 3890 et
225 3841 283 3904 ipse
298 3842 385 3892 iussus
398 3841 509 3891 Amulio
531 3843 621 3892 comiti
640 3841 774 3892 redderet.
814 3843 858 3892 Sic
879 3856 985 3906 quoque
1005 3842 1174 3906 magnatibus

180 3912 328 3964 Galliarum
348 3913 522 3965 militantibus
543 3931 565 3966 c.
586 3932 620 3967 m.
641 3930 666 3964 a.
686 3914 772 3964 Laud.
793 3915 819 3964 d.
839 3930 863 3966 e.
887 3917 910 3964 1.

119 4019 142 4072 a)
159 4022 219 4069 regis
237 4025 256 4063 1.
326 4020 349 4072 b)
363 4022 391 4060 D.
407 4023 423 4064 i.
440 4032 458 4063 c.
478 4021 504 4065 (i.
520 4023 544 4062 io
559 4024 604 4062 loco
620 4033 678 4064 roso.
745 4021 765 4074 c)
778 4028 828 4072 post
844 4023 892 4064 add.
959 4020 982 4074 d)
1000 4021 1069 4062 etiam
1086 4024 1135 4064 add.
1154 4025 1174 4061 1.

26 4128 29 4133 y
59 4079 81 4130 e)
99 4081 266 4121 ostendebato.
327 4079 347 4132 i)
363 4092 385 4130 p.
403 4079 430 4122 G.
446 4086 495 4130 post
510 4081 560 4120 add.
621 4080 643 4132 g)
661 4082 730 4120 etiam
746 4081 795 4123 add.
814 4085 834 4122 1.
896 4079 920 4131 h)
936 4081 981 4132 Hu,
998 4082 1050 4132 Gal,
1066 4081 1091 4131 L,
1109 4083 1137 4120 ab
1154 4093 1174 4130 e,

59 4149 93 4189 ca,
117 4143 140 4178 et
164 4139 219 4178 abac.
288 4137 304 4190 i)
330 4150 358 4179 ex
381 4140 476 4188 reliquis
575 4141 719 4190 principibus
744 4143 765 4181 1.
851 4138 875 4191 k)
900 4139 1130 4181 Canthorbricensem
1154 4141 1174 4180 1.

58 4196 75 4247 1)
93 4198 118 4237 in
135 4196 161 4238 G.
181 4202 231 4246 post
247 4198 297 4237 add.
358 4196 390 4250 m)
407 4199 507 4247 amplius
523 4199 546 4237 id
563 4200 583 4239 1.
644 4197 668 4249 n)
686 4199 768 4238 nolunt
784 4200 803 4238 1.
866 4198 976 4250 o)illl1.
1037 4197 1061 4248 p)
1078 4209 1105 4238 ac
1121 4199 1175 4238 reli-

59 4256 98 4304 qui
116 4255 143 4296 G.
159 4260 279 4304 magnates
295 4259 316 4298 1.
377 4255 400 4308 q)
417 4257 534 4296 navalium
550 4258 590 4299 del.
654 4255 674 4308 r)
691 4268 731 4297 rex
747 4261 767 4297 1.
827 4255 846 4308 s)
864 4259 953 4306 regium
968 4258 1010 4300 del.

134 4352 162 4415 1)
181 4351 214 4401 A.
236 4351 297 4402 942.
317 4352 535 4420 archiepiscopus
556 4352 716 4403 cantuariae
736 4353 823 4406 sactus
844 4359 892 4405 est.
