2820 4824
189 344 240 392 122
435 342 590 394 RIOHERI
609 341 859 393 HISTORIARUM
878 342 989 393 LIBER
1008 343 1062 396 ΙΙΙ,

80 523 178 578 ‘aaa
272 511 322 574 97.
353 508 432 574 *oui
455 508 603 573 defuncto
626 507 709 572 filius
732 509 943 594 quinquennis
959 509 1037 574 Otto
1053 518 1215 595 superstes
1229 520 1289 575 erat.

189 594 294 674 Quem
316 594 399 678 patri
421 593 590 656 succedere
608 593 642 655 in
663 615 812 676 regnum,
841 614 912 656 cum
933 593 1056 678 aliquot
1077 595 1231 678 primates
1249 615 1289 658 vo·
1328 654 1330 673 ,

188 678 329 757 luissent,
358 676 392 740 id
419 677 460 741 ab
489 673 648 761 aliquibus
678 676 908 740 contradictum
938 686 994 740 est
1028 678 1176 762 ,Ingenti
1202 686 1290 741 tamen
1328 678 1330 739 i

129 781 180 822 osi.
188 763 306 826 virtute
327 760 479 846 variaque
500 761 625 824 fortuna
647 761 698 824 eia
712 783 846 844 regnum
861 769 972 845 postea
986 769 1193 846 paraverunt.
1224 761 1289 824 Nan
1328 742 1330 841 l

189 844 311 925 Hezilo,
334 845 419 928 regis
440 842 536 928 paulo
558 853 630 907 ante
653 843 792 908 defuncti
813 843 975 929 patruelis,
998 845 1054 929 qui
1072 844 1181 908 adhuc
1194 846 1289 913 incar·
1327 848 1330 911 l

189 951 261 994 cere
283 929 408 992 vinctus
430 927 470 990 ab
494 950 531 991 eo
553 927 729 1010 tenebatur,
751 949 788 992 eo
812 927 898 1025 quod
912 927 1067 992 adversus
1086 951 1160 992 eum
1176 950 1288 1013 regnunt
1327 930 1330 1001 l

189 1020 363 1098 appeteret,
380 1032 558 1159 (pravorum
581 1009 662 1074 dolis
684 1012 717 1073 in
738 1012 908 1097 pernrtiem
930 1013 977 1076 rei
1026 1011 1155 1076 ublicae
1184 1011 1288 1097 elapsus
1327 1010 1330 1089 l

128 587 178 628 983.

190 1107 221 1160 et
243 1117 377 1194 quorum
402 1117 454 1157 am
476 1093 705 1158 munitionibus
727 1117 797 1159 rece
822 1106 872 1160 tus
895 1105 952 1159 est.
1020 1118 1049 1158 1r
1063 1118 1104 1160 ae
1128 1118 1169 1159 ue
1183 1106 1218 1160 ut
1231 1096 1288 1161 Otto
1328 1170 1330 1183 Ι

189 1179 314 1262 nob1lis,
345 1200 478 1264 corpore
506 1178 644 1263 eleganti
666 1200 704 1240 ac
725 1118 843 1260 validb,
872 1178 1001 1242 honoris
1027 1118 1167 1264 cupidus
1189 1179 1256 1244 acf
1280 1218 1288 1226 -

190 1265 301 1345 tiosus3
324 1264 430 1326 animo
452 1272 551 1342 vasto,
575 1263 632 1326 sed
652 1260 766 1325 fallaci.
801 1263 865 1326 Hic
879 1262 1035 1348 regnandi
1049 1263 1178 1345 avidus,
1201 1284 1287 1327 omnes

190 1347 360 1432 sacrilegos
382 1356 437 1410 aut
451 1345 571 1410 iuditiis
587 1347 758 1428 convictos,
782 1347 850 1411 sive
865 1347 961 1410 etiam
975 1369 1034 1431 pro
1050 1345 1147 1412 factis
1163 1347 1287 1421 iuditium

190 1433 337 1496 timentes
347 1443 369 1511 ¹,
391 1439 551 1515 postremo
575 1451 685 1494 omncs
707 1429 892 1512 flagitiosos,
916 1451 995 1515 quos
1019 1432 1172 1495 conscius
1187 1435 1288 1496 animus

190 1513 384 1599 exagitabat,
410 1513 472 1577 sibi
500 1514 663 1598 proximos
685 1536 723 1577 ac
744 1513 915 1578 familiares
936 1513 1021 1578 fecit.
1073 1513 1203 1578 Talium
1228 1512 1288 1578 dolis

190 1600 274 1684 regis
307 1597 448 1661 defuncti
480 1598 682 1683 superstitem
715 1595 815 1660 filium
846 1597 997 1664 Ottonem
1030 1619 1172 1684 parvum
1197 1598 1288 1682 rapuit,

192 1683 259 1747 eius
280 1680 351 1744 loco
374 1703 442 1745 sese
464 1692 670 1764 regnaturum
691 1689 788 1744 ratus.
832 1682 980 1765 Regnum
1002 1704 1080 1766 crgo
1106 1683 1154 1745 sio
1169 1683 1203 1744 in
1216 1702 1288 1744 suun

190 1767 241 1828 ius
271 1764 418 1829 refundib
450 1763 618 1846 arbitrans,
651 1773 813 1850 sceptrum
842 1774 874 1830 et
901 1787 1052 1829 coronam
1083 1765 1148 1830 sibi
1177 1764 1287 1851 paravit.

193 1847 288 1928 Quod
317 1847 393 1910 dum
420 1869 439 1909 a
464 1847 615 1912 Lothario
642 1849 856 1934 expetendum
884 1849 1038 1934 cogitaret
1070 1871 1208 1936 eumque
1234 1869 1288 1911 con-

193 1953 282 1996 cessa
303 1931 434 2015 Belgica
456 1930 516 1994 sibi
538 1934 654 1996 sotium
671 1942 703 1996 et
716 1933 854 1995 amicum
868 1932 973 1997 facere
988 1931 1168 2016 moliretur,
1188 1932 1287 2016 legatos

192 2016 345 2100 premisit,
368 2014 454 2100 apud
476 2037 555 2100 quos
579 2026 777 2081 sacramento
799 2027 984 2080 commune⁰
1006 2019 1182 2100 negocium
1206 2016 1288 2080 firma

191 2109 293 2182 retur,
325 2121 387 2185 quo
419 2099 514 2162 etiam
545 2108 743 2165 sacramento
770 2101 896 2185 utrique
925 2123 958 2164 re
983 2123 1017 2164 es
1039 2100 1103 2166 sibi
1124 2100 1288 2187 polliceren-

191 2193 251 2266 tur,
274 2205 343 2248 sese
366 2205 461 2268 super
482 2184 629 2247 Rhenum
650 2182 721 2247 loco
744 2186 914 2248 constituto
938 2122 1000 2248 sili
1021 2206 1214 2249 occursuros
1222 2195 1241 2246 ².

274 2269 325 2332 98.
370 2267 494 2347 Quibus
515 2289 574 2352 per
595 2266 716 2352 legatos
738 2267 857 2349 iuratis,
887 2267 1058 2332 Lotharius
1080 2277 1225 2355 tempore
1243 2276 1288 2330 sta·

189 2360 258 2416 tuto
292 2374 364 2416 oum
398 2354 541 2415 exercitu
572 2373 630 2436 per
661 2349 825 2435 Belgicam
857 2352 1023 2430 transiens,
1056 2354 1121 2416 ned
1151 2361 1288 2416 teneretur

191 2436 381 2499 sacramenti
407 2435 575 2514 obnoxius,
605 2434 646 2497 ad
674 2433 781 2498 locum
802 2435 906 2500 Rheni
934 2435 1120 2500 condictum
1150 2436 1287 2500 devenitt

190 2519 303 2583 Hezilo
337 2542 407 2584 sese
438 2529 583 2583 metuens
614 2519 648 2581 in
680 2519 887 2604 suspitionem
919 2519 1103 2604 principum
1131 2521 1245 2602 venire,
1270 2517 1288 2579 si

190 2602 341 2666 Lothario
364 2613 553 2684 occurreret,
575 2604 643 2666 acsi
664 2625 736 2667 eum
758 2603 792 2664 in
805 2625 940 2687 regnum
954 2604 1100 2688 recipere
1115 2603 1219 2685 vellet,
1236 2623 1288 2687 per·

191 2686 265 2748 iurii
285 2708 368 2768 reus,
391 2707 555 2751 occurrere
578 2684 708 2750 distulit.
739 2685 907 2750 Lotharius
929 2708 962 2750 se
983 2684 1117 2751 illusum
1132 2688 1289 2764 advertens,

190 2769 295 2850 rediit,
328 2791 392 2832 non
420 2778 527 2833 tamen
554 2771 621 2833 sine
651 2768 790 2832 difficilis
820 2769 937 2834 laboris
965 2772 1185 2836 incommodo.
1225 2769 1313 2834 Nan*

190 2851 319 2936 Belgae,
334 2875 393 2938 per
408 2875 540 2949 quorum
556 2851 696 2917 medium
712 2874 785 2916 cum
801 2855 942 2939 equitatu
955 2855 1138 2938 transierat,
1154 2850 1290 2938 indignati

191 2936 358 3018 transisse,
391 2959 460 3000 vias
488 2937 686 3022 transpositis
713 2937 881 3002 arboribus
908 2938 1098 3023 impediunt,
1134 2951 1191 3004 aut
1216 2936 1290 3003 fossis

191 3020 337 3083 inmersis
366 3030 558 3085 revertentes
581 3019 767 3105 prohibent3
799 3043 864 3084 non
886 3031 921 3086 ut
942 3030 1057 3106 aperto
1083 3044 1202 3110 campo
1224 3041 1290 3086 com·

191 3105 296 3167 minus
319 3103 478 3186 dimicent,
501 3104 556 3168 sed
578 3114 613 3167 ut
634 3103 683 3167 his
706 3104 945 3189 impedimentis
968 3115 1158 3171 cunctantes
1179 3128 1199 3169 a
1219 3116 1290 3186 tergo

189 3196 334 3272 urgeant,
356 3197 410 3252 aut
430 3189 586 3252 montium
606 3188 691 3272 iugis
714 3189 826 3269 securi,
848 3189 925 3274 pers
938 3187 1091 3253 inferiora
1109 3197 1292 3255 transeuntes

189 3271 362 3336 missilibus
395 3272 503 3356 figant.
554 3271 597 3335 Et
624 3273 699 3354 quia
727 3281 838 3356 aperta
866 3272 968 3336 fronte
999 3282 1084 3336 stare
1116 3276 1224 3338 animo
1243 3292 1292 3336 non

189 3357 259 3438 suit,
282 3377 317 3420 sa
340 3357 438 3420 ittarii
460 3378 532 3419 cum
554 3355 691 3419 arcubus
713 3365 745 3418 et
766 3355 887 3420 balistis
909 3377 967 3440 per
987 3366 1145 3421 montana
1167 3353 1293 3444 disposit'

190 3450 272 3504 sunt.
351 3463 405 3503 um
428 3463 504 3525 ergo
535 3440 693 3503 exercitus
715 3439 845 3519 subiret,
875 3438 962 3502 illia
984 3441 1207 3524 superioribus
1231 3439 1292 3505 alios

190 3525 313 3610 sagittis
335 3524 487 3610 figebant,
510 3522 589 3586 alios
604 3522 737 3588 diversis
753 3521 926 3586 missilibus
942 3525 1144 3590 sauciabant.
1181 3525 1226 3590 At
1238 3525 1293 3590 tiro

190 3630 258 3690 nes,
281 3609 383 3673 sicubi
406 3608 552 3672 ascensui
574 3609 719 3691 pervium
746 3605 851 3670 looum
872 3607 1034 3690 videbant,
1065 3609 1100 3671 in
1131 3603 1293 3674 huiusmodi

190 3693 297 3756 hostes
318 3693 539 3774 vertebantur3
569 3690 728 3775 armisque
747 3691 867 3755 efferati
890 3691 1046 3776 quosdam
1066 3692 1293 3770 vulnerabantss,

250 3851 273 3903 a)
289 3854 333 3893 hoc
348 3857 428 3903 postea
445 3879 500 3894 ....
517 3856 584 3893 erunt
601 3855 620 3894 1.
702 3851 726 3904 b)
744 3853 868 3894 refundere
885 3855 905 3894 1.
990 3851 1010 3904 c)
1027 3864 1046 3894 s.
1064 3858 1192 3897 consilium
1208 3868 1227 3898 c.
1241 3860 1295 3904 supa

192 3912 236 3950 hoc
252 3912 372 3959 negociot
395 3913 416 3952 1.
492 3912 514 3964 d)
530 3923 559 3951 ne
575 3916 591 3952 t.
609 3924 627 3951 s.
645 3923 666 3952 o.
683 3914 707 3951 in
722 3924 798 3963 uturp,
814 3913 852 3951 ati
867 3923 928 3964 acra,
944 3913 996 3952 xius
1012 3913 1069 3954 abac.
1141 3914 1163 3967 e)
1181 3914 1268 3956 suvant
1279 3912 1293 3950 1.

192 3967 210 4020 f)
227 3971 251 4009 in
267 3971 414 4011 interioribus
433 3972 452 4008 1.
526 3968 549 4020 g)
566 3971 650 4011 vulner
665 3982 675 4009 e
690 3983 748 4013 corr.

267 4079 294 4147 1)
316 4082 356 4133 Cf.
377 4081 487 4133 Sallusti
507 4083 585 4134 Catil.
607 4101 630 4135 c.
653 4085 694 4136 14.
760 4081 789 4151 2)
809 4085 851 4134 De
865 4083 918 4134 tide
933 4101 1022 4136 eorum
1038 4102 1111 4153 quae
1124 4089 1252 4141 Richerus
1262 4085 1294 4136 hie

192 4159 220 4205 et
237 4156 452 4220 insequentibus
471 4163 561 4207 narrat
579 4175 604 4208 v.
618 4157 757 4220 Wilmans,
776 4158 946 4208 Jahrbiicher
958 4159 994 4222 11,
1015 4161 1041 4224 2,
1060 4178 1088 4227 p.
1106 4163 1159 4212 175
1179 4179 1246 4229 sqq,
1262 4156 1295 4224 qul

191 4229 288 4279 acriter
307 4245 365 4278 eam
385 4230 533 4294 impugnat,
560 4236 585 4280 et
604 4232 696 4291 Witte,
716 4232 882 4296 Lothringen
900 4233 929 4281 tn
949 4231 997 4282 dor
1015 4236 1135 4286 aweiten
1153 4235 1244 4287 Halfte
1260 4232 1294 4282 (10⁸

190 4302 303 4354 zehnten
322 4301 512 4354 Iahrhunderts
531 4321 556 4370 p.
577 4303 610 4353 53
631 4319 698 4370 sqq,
719 4306 764 4370 qui
784 4306 930 4356 contrarias
948 4311 1039 4372 partes
1059 4309 1128 4374 agit.
