2820 4824
210 367 260 417 148
441 365 595 418 RIOHERI
614 366 866 418 HISTORIARUM
884 367 996 419 LIBER
1014 369 1081 420 1111.

146 553 196 594 sor.
206 537 285 620 regi,
307 533 348 598 ab
370 555 407 598 eo
431 531 573 597 osculum
594 534 748 620 aceepit¹.
791 533 835 598 Et
856 534 990 599 cumde
1018 536 1150 600 obiectis
1179 535 1312 624 aliquam

206 619 390 704 purgationi
412 639 541 716 operam
562 616 639 682 dare
660 616 767 699 vellet,
788 641 847 682 rex
868 617 930 681 sibi
952 617 1097 683 sufficere
1120 619 1214 702 dixit,
1244 631 1277 686 ut
1295 645 1312 686 a

141 752 145 761 .
207 703 364 788 preteritis
394 710 569 787 quresceret
594 709 626 766 et
651 701 766 766 exinde
792 701 854 765 sibi
880 701 975 766 fidem
1002 702 1232 769 inviolabiliter
1257 728 1311 770 ser-

206 796 305 851 varet.
342 786 419 850 Sese
440 786 566 870 penitus
587 805 651 848 non
671 785 827 870 ignorare,
848 785 1004 850 Karolum
1025 788 1055 850 ei
1075 789 1143 851 vim
1164 787 1310 871 intulisse,

208 880 239 935 et
259 892 383 934 summa
403 868 438 932 id
463 867 693 932 necessitudine
722 869 849 950 factum,
879 880 914 934 ut
940 870 981 934 ad
1008 879 1178 957 tempusa
1201 872 1311 937 sedis·

207 953 333 1018 cederet
354 963 386 1017 et
405 951 643 1016 Karoloetiam
664 951 774 1016 nolens
795 953 925 1018 faveret.
967 953 1031 1019 Sed
1054 957 1130 1040 quia
1150 955 1185 1020 id
1200 957 1309 1021 factum

207 1046 283 1119 erat,
305 1035 391 1122 quod
411 1033 594 1100 labefactari
614 1057 677 1098 non
698 1045 831 1120 poterat,
861 1037 961 1101 mults
986 1040 1108 1104 ratione
1131 1041 1162 1103 ei
1184 1063 1253 1104 esse
1272 1042 1310 1104 vi-

206 1121 355 1202 dendum,
378 1130 414 1184 ut
435 1120 569 1183 amissae
590 1117 678 1182 urbis
704 1119 877 1204 dampnum
899 1119 1004 1204 aliquo
1026 1123 1121 1186 modo
1145 1123 1308 1209 suppleret.

208 1205 244 1270 Si
264 1204 377 1269 urbem
396 1203 514 1267 habere
535 1211 570 1266 ut
591 1211 663 1267 ante
684 1225 749 1266 non
770 1212 887 1289 posset,
910 1205 1020 1269 saltem
1041 1205 1200 1270 Karolum
1221 1207 1308 1272 adse

205 1289 339 1354 transire
359 1286 488 1368 faceret,
517 1296 552 1350 ut
574 1307 608 1349 se
630 1289 843 1352 consentiente
865 1289 950 1372 quod
976 1300 1161 1375 pervaserat
1187 1300 1307 1355 teneret.

206 1373 298 1437 Haec
319 1380 351 1437 et
371 1368 525 1456 ampliora
546 1367 697 1433 Amulius
719 1393 787 1435 sese
808 1371 966 1435 facturum
987 1372 1165 1458 pollicetur,
1195 1383 1307 1439 tantun

205 1465 241 1521 ut
261 1458 347 1541 regis
368 1455 470 1540 gratia
490 1454 552 1518 sibi
571 1452 722 1518 reddatur
743 1463 774 1519 et
794 1455 805 1516 i
829 1477 863 1519 se
884 1455 972 1541 apud
994 1479 1066 1520 eum
1088 1467 1124 1521 ut
1137 1457 1307 1544 metropoh·

205 1548 300 1604 tanus
321 1539 501 1603 honoretur.
534 1537 606 1600 Rex
619 1538 754 1621 gratiam
768 1477 899 1602 indulsit
919 1549 950 1604 et
964 1549 1000 1603 ut
1014 1539 1189 1624 plurimum
1211 1562 1307 1606 coram

206 1645 240 1687 se
261 1624 413 1688 honorem
433 1620 566 1684 haberet
592 1622 776 1686 concessit2.
819 1622 912 1686 Unde
942 1632 973 1686 et
998 1623 1118 1688 factum
1145 1635 1204 1707 est,
1230 1625 1307 1689 utin

205 1707 361 1793 prandio³
392 1704 443 1769 die
473 1703 585 1768 eadem
612 1705 681 1789 regi
713 1704 840 1786 dexter,
873 1705 1033 1770 Adslbero
1065 1709 1198 1792 reginae
1229 1708 1306 1773 levus

205 1789 366 1854 resideret.
402 1787 463 1850 His
484 1789 530 1852 ita
551 1809 619 1851 sese
639 1787 838 1868 habentibus,
854 1788 1005 1853 Amulius
1016 1789 1056 1854 ab
1078 1814 1156 1876 rege
1180 1792 1305 1856 dimotus

207 1882 264 1937 est.
305 1872 421 1935 Miram
447 1874 531 1955 regis
557 1869 802 1936 benivolentiam
829 1872 949 1937 Karolo
978 1873 1138 1939 indicavit.
1191 1877 1305 1957 Quanto

207 1978 334 2054 quoque
354 1955 473 2018 honore
495 1953 582 2040 apud
596 1977 670 2018 eum
684 1955 810 2020 habitus
826 1957 867 2020 sit
882 1956 1053 2042 explicans,
1076 1958 1116 2022 de
1132 1959 1202 2024 eius
1216 1961 1306 2044 gratia

205 2039 379 2127 plunmum
398 2037 603 2124 gloriabatur.
638 2041 669 2102 A
692 2059 754 2125 quo
776 2049 919 2126 tempore
939 2043 1023 2126 regis
1039 2051 1070 2105 et
1083 2042 1198 2106 Karoli
1212 2065 1305 2107 recon-

206 2124 399 2190 ciliationem
419 2131 514 2208 atque
534 2122 675 2187 favorem
698 2123 879 2208 quaerebat.

402 2245 453 2308 46.
495 2242 673 2328 Exceptiol'
695 2241 908 2308 Adalberonis
930 2265 950 2307 a
969 2242 1118 2308 Karolob.

288 2346 380 2425 Quae
401 2344 477 2408 dum
499 2346 545 2408 sic
567 2366 635 2408 sese
656 2343 818 2426 haberent,
839 2344 1000 2411 Adalbero
1022 2368 1042 2409 a
1062 2369 1138 2433 rege
1158 2348 1304 2434 digressu

204 2438 260 2512 est,
281 2428 500 2514 Karolumque
522 2437 643 2513 patene,
664 2427 813 2491 Lauduni
834 2427 933 2493 multa
961 2428 1134 2494 ambitione
1165 2443 1304 2580 exceptus

204 2522 261 2577 est.
303 2512 357 2576 Ad
379 2535 412 2576 se
434 2514 484 2576 sui
504 2512 646 2594 redeunt,
669 2512 725 2596 qui
745 2523 820 2577 ante
833 2513 874 2576 ab
890 2512 969 2576 urbe
984 2511 1202 2580 exulaverant
1267 2537 1304 2580 en

204 2594 391 2659 familiarem
412 2604 448 2659 ut
469 2605 541 2660 ante
564 2595 746 2682 disponunt,
768 2598 802 2659 in
823 2594 909 2660 nullo
928 2595 1108 2661 dubitantes
1131 2610 1164 2663 et
1185 2609 1304 2685 pacemc

204 2679 408 2765 postmodum
429 2688 600 2763 sperantes.
635 2677 766 2744 Olerum
788 2702 884 2765 quem
905 2681 1062 2762 amiserat,
1087 2685 1202 2747 revisit
1229 2686 1304 2769 eique

204 2763 402 2846 compatitur,
415 2761 662 2826 benivolentiam
684 2762 829 2848 spondet,
850 2772 886 2827 ut
906 2786 926 2827 a
947 2787 981 2828 se
1001 2786 1066 2828 non
1082 2765 1236 2832 deficiant
1248 2768 1304 2831 hor·

205 2854 298 2909 tatur.
331 2845 505 2944 Postquam
526 2847 602 2908 satis
617 2844 765 2932 colloquii
780 2868 854 2911 cum
869 2848 934 2911 suis
948 2847 1067 2931 habuit,
1090 2849 1131 2914 de
1147 2852 1304 2916 securitate

204 2927 280 2992 fidei
301 2937 332 2992 et
352 2927 440 2992 urbis
468 2951 488 2992 a
513 2927 632 2992 Karolo
654 2931 849 2995 convenitur.
893 2931 978 3012 Qui³
1005 2933 1050 2994 sic
1078 2953 1170 2998 orsus
1199 2935 1304 3021 coepit:

205 3011 374 3092 ‘Quoniam
395 3012 556 3076 Divinitas
576 3013 611 3076 in
632 3014 778 3079 omnibus
799 3015 978 3079 misericors
1006 3016 1102 3080 etiam
1125 3018 1206 3082 dum
1227 3017 1305 3105 punit

204 3095 449 3161 misericorditer
470 3105 626 3182 operatur,
648 3099 730 3162 iusto
753 3099 821 3162 eius
841 3098 954 3163 iuditio
976 3122 1027 3164 me
1050 3107 1081 3162 et
1102 3101 1264 3167 abiectum
1282 3108 1305 3164 et

202 3189 365 3266 receptum
388 3201 557 3266 cognosco.
597 3181 677 3244 Eius
698 3183 856 3266 aequitate
876 3183 944 3256 hac,
970 3181 1049 3247 urbe
1071 3205 1123 3246 me
1146 3196 1305 3272 exceptum

204 3263 354 3346 arbitror,
391 3265 458 3328 eius
486 3263 681 3348 benignitate
710 3265 795 3350 quod
824 3288 863 3328 su
886 3275 969 3332 erest
989 3266 1155 3352 prestolor.
1206 3271 1304 3356 Ipsum

203 3349 299 3413 etiam
323 3370 380 3413 vos
401 3357 433 3413 et
453 3346 536 3412 hanc
565 3346 676 3412 urbem
704 3347 783 3411 mihi
810 3371 844 3413 re
869 3349 1149 3436 didisse„0pinor.
1193 3353 1226 3418 A
1246 3353 1304 3419 Deo

87 3507 89 3510 Ι
201 3432 309 3518 itaque
329 3431 489 3497 redditum
516 3430 594 3494 mihi
614 3431 746 3517 adiungi
766 3454 892 3518 quaero.
925 3434 1051 3498 Adsunt
1065 3445 1187 3519 saneta,
1210 3456 1305 3522 super-

262 3620 286 3673 a)
300 3623 401 3673 inpendo
418 3624 438 3662 1.
498 3619 522 3674 b)
536 3623 592 3674 ptio,
607 3622 694 3662 Karolo
709 3623 766 3662 atre.
826 3621 847 3674 e)
860 3628 911 3672 post
926 3625 976 3664 add.

277 3754 303 3817 1)
324 3753 365 3805 Of.
385 3755 506 3805 Gerberti
525 3754 665 3820 epistolam
686 3754 750 3815 193,
776 3754 873 3806 Olleris
898 3771 923 3820 p.
945 3755 1010 3804 109:
1035 3753 1160 3822 praciam
1184 3757 1305 3824 episcopo·

202 3842 263 3875 rara
282 3827 360 3890 facto
385 3828 519 3889 consalta,
549 3827 640 3894 lepatis
666 3832 690 3877 et
718 3825 800 3877 literis
828 3827 960 3893 synodicis
990 3845 1021 3877 ao
1048 3827 1106 3878 miti
1131 3830 1306 3882 ammonitione

203 3896 359 3962 Arnnlpbas
385 3906 536 3962 conventas,
566 3901 652 3950 decem
676 3905 700 3950 et
725 3908 779 3951 octo
803 3899 931 3951 continuis
951 3899 1098 3961 mensibus,
1132 3910 1162 3952 at
1187 3922 1206 3954 a
1230 3909 1306 3968 coepto

196 3971 294 4034 farore
317 3969 450 4021 desisteret
474 3988 551 4036 seqae
577 3990 594 4022 a
618 3973 712 4023 scelere
733 3971 893 4038 proditionis
916 3979 940 4025 et
957 3973 1120 4037 rebellionis,
1140 3991 1192 4040 qao
1211 3975 1306 4042 impete·

204 4043 296 4104 batur,
324 4042 480 4110 reputanter
494 4054 638 4112 purpurat,
663 4045 755 4096 noluit.
793 4045 847 4097 Sed
871 4063 930 4096 cane
955 4063 972 4096 a
990 4062 1017 4098 se
1033 4048 1160 4111 fautores
1188 4049 1306 4100 maximos
1343 4084 1345 4099 .

110 4111 127 4123 ”
202 4113 334 4182 nequitiae
352 4131 417 4166 snae
436 4115 567 4169 discedere
585 4117 673 4180 sensit,
692 4117 799 4170 territas
817 4136 904 4187 repen
917 4117 985 4169 adiit
1002 4118 1129 4186 nonaque
1143 4119 1306 4174 sacramentis

204 4207 236 4240 ac
271 4187 346 4240 noris
380 4205 468 4240 reram
500 4189 691 4242 conditionibus
718 4190 807 4259 repiae
841 4209 946 4243 mensae
975 4191 1112 4258 particeps
1139 4196 1236 4259 factas
1268 4201 1306 4245 est.

204 4261 233 4330 2)
254 4263 294 4314 cf.
314 4263 453 4329 epistolam
470 4263 489 4312 l.
507 4263 535 4328 1.‚
551 4280 604 4331 qua
621 4271 689 4316 teste
708 4281 769 4315 mon
786 4263 890 4316 rediens
901 4265 984 4330 fidem
996 4265 1307 4333 sacramentoramnepit

203 4335 394 4390 conditionibus
411 4353 464 4388 non
483 4337 605 4391 servatis.
679 4337 708 4404 3)
727 4338 786 4389 scil.
806 4338 931 4390 Karolns.
1311 4342 1315 4349 '
