2820 4824
304 355 461 416 ι111οΗ11111
479 363 728 417 HISTORIARUM
747 364 858 415 LIBER
876 364 944 416 1111.
1128 365 1180 414 137

64 531 241 613 habituros,
263 553 304 594 an
319 553 392 594 curn
408 529 620 595 benivolentia
634 532 832 616 susciperent
846 527 1034 614 supplicem,
1057 532 1084 594 si
1098 530 1177 596 forte
1188 558 1244 603 aar..

64 617 92 680 is
114 637 149 679 se
172 613 346 700 supplicem
370 613 525 678 conferret
546 624 578 678 et
599 613 683 677 dono
703 635 814 697 regum
837 635 870 677 se
892 635 986 698 posse
1007 622 1114 678 tenere
1129 637 1179 679 res

90 720 219 763 ervasas
249 706 444 782 exposceret.
487 695 531 760 At
554 697 608 794 qui
629 698 761 760 acrioris
784 697 882 759 animi
905 705 935 760 et
957 699 1178 763 constantioris

102 804 165 864 ere,
188 783 369 863 censebant,
384 781 451 844 fore
468 778 625 843 obsidioni
640 779 925 862 incombendum³;
946 779 1053 845 hostes
1068 803 1180 867 urgen-

65 867 140 947 dos3
164 866 327 950 regionem
350 865 444 928 etiam
467 885 562 948 quam
585 872 798 948 pervaserant,
824 864 898 946 igne
919 865 1046 948 penitus
1069 886 1180 928 consu-

64 948 226 1012 mendam.
270 946 419 1011 Collectis
441 947 549 1032 itaque
571 947 653 1011 6000
676 947 828 1031 equitum,
851 948 884 1009 in
905 947 1028 1011 hostem
1049 948 1180 1012 vadunt.

64 1033 226 1117 Tempore
253 1039 369 1095 statuto
396 1028 507 1094 urbem
536 1038 700 1115 appetunt.
762 1028 969 1093 Obsidionem
999 1031 1179 1114 disponunt.

66 1115 253 1200 Castrisque
275 1114 347 1177 loca
367 1114 485 1194 metati,
508 1112 601 1176 fossis
621 1124 684 1177 eta
707 1113 835 1196 genibus
850 1111 978 1177 vallant.
1012 1116 1091 1196 (19.)
1113 1115 1180 1179 Ubi

65 1220 140 1263 cum
163 1197 274 1262 diebus
296 1195 403 1260 multis
425 1197 608 1277 resederint,
630 1135 708 1259 nihi
729 1197 853 1277 virium,
875 1195 953 1258 nihil
968 1197 1180 1260 damnationis

65 1283 99 1346 in
129 1283 238 1345 hostes
271 1303 401 1345 exerere
434 1279 617 1360 valuerunt;
652 1288 740 1343 tanta
767 1280 959 1344 eminential
989 1290 1020 1344 et
1044 1279 1179 1344 laterum

66 1365 247 1429 obiectione
280 1362 356 1427 urbs
389 1365 465 1426 inex
489 1363 648 1447 ugnabilis
680 1372 758 1426 erat.
818 1362 898 1426 Dies
931 1364 1026 1427 etiam
1058 1373 1182 1428 autum*

64 1447 172 1512 nales¹
201 1445 346 1512 breviore
376 1386 493 1510 circuib
523 1447 611 1510 ducti
632 1445 680 1509 his
702 1446 862 1510 exercitiis
883 1468 948 1509 non
970 1445 1181 1511 sufficiebant.

64 1531 184 1595 Noctes
207 1552 334 1616 quoque
354 1529 498 1614 prolixae
519 1528 617 1594 multo
640 1531 688 1592 sui
704 1540 847 1614 tempore
861 1528 974 1614 vigiles
988 1529 1184 1611 afficiebant.

64 1615 161 1679 Unde
177 1637 251 1678 cum
266 1613 455 1698 primatibus
471 1612 601 1676 consilio
615 1611 736 1694 habito,
756 1612 900 1694 redeunt,
921 1622 1013 1698 post⁰
1034 1613 1179 1678 vernali(¹

65 1707 211 1784 tempore
232 1697 374 1761 redituri.
418 1695 543 1776 Quibus
565 1694 721 1778 abductis,
750 1696 889 1760 Karolus
914 1697 1027 1761 urbem
1049 1699 1181 1760 circum-

67 1802 193 1867 quaque
233 1779 441 1865 perambulat.
511 1779 622 1844 Sicubi
661 1781 755 1844 etiam
785 1780 929 1845 hostibus
960 1779 1061 1844 facilis
1092 1780 1182 1845 locus

89 1873 165 1946 atet,
196 1863 349 1948 explorat.
401 1862 546 1928 Obstruit
572 1864 680 1949 itaque
707 1872 832 1948 portas,
858 1864 995 1928 hostium
1025 1865 1182 1948 ingressui

65 1887 186 2012 iaciles.
242 1946 380 2012 Obturat
409 1948 533 2032 postica
588 1956 638 2010 ost
673 1944 783 2010 domos
819 1946 958 2011 latentia.
1011 1948 1182 2012 Restaurat

66 2054 175 2095 muros
203 2038 361 2094 vetustate
388 2029 503 2114 lapsos.
576 2031 674 2092 urrim
698 2051 823 2114 quoque
845 2029 1022 2114 potioribus
1048 2031 1182 2095 edificiis

66 2115 149 2180 intra
172 2123 205 2180 et
226 2121 317 2178 extra
338 2112 448 2178 dilatat
469 2135 507 2176 ac
528 2113 641 2176 firmat.

401 2233 451 2297 20.
493 2233 677 2316 Profugium
701 2233 852 2316 episcopi.
948 2236 951 2241 '

149 2335 189 2398 In
212 2355 308 2419 quam
330 2335 499 2420 episcopus
521 2335 676 2416 detrusus,
700 2355 773 2396 cum
793 2334 827 2395 in
849 2331 992 2396 conclavi
1014 2342 1181 2416 teneretur,

65 2418 196 2483 funibus
216 2439 274 2501 per
294 2417 463 2480 fenestram
487 2417 651 2499 demissus,
673 2426 815 2502 tempore
837 2425 991 2479 nocturno
1014 2438 1094 2501 equo
1110 2438 1182 2480 vec-

66 2512 115 2567 tus
138 2500 272 2585 aufugit.
307 2499 351 2564 Et
372 2510 407 2565 ut
422 2523 456 2564 se
469 2501 589 2564 Karolo
605 2523 669 2564 non
683 2500 800 2564 favisse
814 2507 1011 2580 monstraret,
1034 2499 1075 2562 ad
1089 2521 1180 2584 reges

68 2607 135 2649 sese
165 2582 297 2648 contulit
326 2593 357 2648 et
386 2606 405 2646 a
432 2593 521 2648 tanta
546 2584 720 2668 suspitione
748 2584 907 2668 purgavit.
956 2581 1181 2648 Arbitrabatur

67 2669 163 2750 enim,
187 2667 341 2752 quasdam
362 2668 560 2731 coniecturas
582 2689 676 2752 posse
698 2689 717 2729 a
738 2665 1018 2730 calumniatoribus
1034 2666 1180 2752 confingi,

67 2752 133 2815 acsi
155 2752 225 2836 ipse
249 2751 394 2833 capiendi
417 2752 660 2836 oportunitatem
689 2760 840 2835 parasset.
884 2751 948 2829 Qui
975 2758 1140 2836 susceptus
1162 2771 1181 2812 a

67 2857 151 2921 rege,
163 2841 273 2918 utpote
287 2832 448 2898 fidelitatis
464 2843 640 2911 exsecutor,
651 2855 716 2898 non
730 2835 851 2897 minore
866 2833 968 2917 gratia
981 2832 1109 2898 habitus
1124 2842 1180 2898 est.

151 2917 203 2981 21.
245 2917 370 2981 Interea
396 2919 500 3002 rigore
528 2917 656 2982 hiemali
696 2916 820 3003 elapso,
850 2939 924 2980 cum
958 2939 1031 2982 aere
1062 2918 1181 2981 mitiori
1191 2941 1250 2985 ese.

67 3023 122 3066 ver
143 3001 238 3065 rebus
260 2999 413 3065 arrideret
433 3010 465 3066 et
484 3011 576 3086 prata
597 3011 692 3086 atque
715 3021 845 3084 campos
860 3001 1014 3065 virescere
1031 3000 1180 3085 faceret2,

126 3188 150 3241 a)
167 3191 269 3230 incumb.
285 3201 342 3231 corr.
358 3191 456 3230 incomb.
518 3187 540 3240 b)
559 3201 580 3231 e.
597 3190 632 3229 rui
648 3191 668 3231 1.
729 3186 750 3240 c)
764 3193 813 3239 poet
829 3189 878 3228 add.
940 3187 963 3240 d)
980 3193 995 3230 t.
1010 3201 1032 3229 v.
1050 3191 1070 3228 1.

142 3318 171 3385 1)
192 3321 320 3372 Gerberto
340 3326 416 3383 teste,
436 3322 514 3387 epist.
535 3320 595 3381 143,
616 3320 713 3371 Olleris
732 3337 758 3386 p.
774 3320 816 3384 79,
836 3324 898 3369 ante
918 3319 1044 3369 iestums.
1056 3322 1180 3386 Dionysii

67 3393 178 3461 (Octob.
195 3393 233 3459 9.)
253 3396 383 3444 incertum
404 3401 474 3444 erat:
494 3393 518 3444 si
536 3391 635 3443 obsidio
647 3393 750 3458 futuro
769 3399 806 3444 eet
818 3392 861 3444 cel
872 3397 988 3452 noaeet;
1005 3393 1087 3454 idem,
1103 3395 1180 3458 epist.

66 3467 129 3530 145,
149 3483 175 3532 p.
196 3466 240 3530 80,
260 3467 368 3518 scribit:
387 3465 487 3516 obsidio
505 3462 786 3529 Lauduaaasisurbis,
800 3471 943 3530 praetento
957 3480 1026 3529 pace
1045 3473 1180 3530 sequestro

64 3539 226 3600 intermissa,
247 3545 285 3589 eat
306 3540 348 3588 13.
368 3539 431 3590 Kal.
452 3537 591 3590 Novembr.
614 3539 766 3603 repetendo.
805 3539 879 3600 Quae
899 3537 951 3586 huc
970 3539 1103 3603 pertinere
1124 3554 1180 3588 cre·

66 3611 194 3662 diderim.
233 3611 273 3662 Cf.
294 3614 372 3678 epist.
393 3612 455 3675 128,
473 3629 499 3678 p.
515 3613 563 3661 70:
583 3609 685 3662 obsides
705 3629 721 3661 a
740 3611 867 3674 K(arolo)
888 3607 1006 3674 accipere
1025 3618 1049 3662 et
1067 3609 1180 3662 ohsidio-
1223 3658 1225 3663 .

63 3700 126 3736 nam
144 3684 244 3734 solvere
264 3720 271 3735 .
291 3721 298 3736 .
319 3719 325 3735 .
343 3683 488 3747 coluimus,
514 3684 561 3734 nbi
579 3691 672 3751 postea
691 3686 724 3735 de
745 3681 876 3736 conventu
901 3683 944 3732 20.
963 3683 1033 3748 Aug.
1054 3685 1181 3735 Satanaci

63 3756 193 3807 habendo
213 3772 299 3808 sermo
320 3763 368 3807 est.
405 3759 483 3808 Haec
503 3759 583 3807 etiam
608 3760 636 3807 in
655 3758 725 3807 hunc
745 3773 842 3807 annum
863 3756 972 3818 cadere,
994 3772 1025 3807 eo
1046 3757 1180 3822 docemur,

65 3827 139 3896 qnod
165 3828 345 3880 adalberonis
371 3831 489 3896 episcopi
514 3835 648 3896 tamquam
682 3832 753 3896 capti
778 3830 876 3879 mentio
906 3828 944 3879 fit.
970 3831 1075 3880 Mourin
1099 3832 1181 3896 igitur

63 3920 91 3970 p.
112 3901 178 3952 366.
204 3908 279 3953 recte
304 3907 345 3952 ter
370 3902 495 3952 Laudant
525 3903 691 3953 obsidionem
719 3906 854 3968 inceptam
887 3917 946 3952 esse
973 3908 1088 3954 statuere
1115 3904 1184 3954 mihi

62 3973 190 4037 videtur3
218 3975 265 4024 sed
290 3977 393 4026 aestate
423 3981 450 4026 st
475 3980 601 4026 autumno
625 3992 650 4026 a.
677 3975 745 4038 987,
771 3990 834 4025 vere
860 3975 905 4024 vel
924 3977 1014 4041 potius
1031 3982 1133 4027 aestate
1153 3993 1185 4028 a.

66 4045 130 4109 988,
150 4062 203 4096 non
224 4046 276 4096 988
298 4053 325 4098 et
344 4045 413 4111 989,
435 4053 465 4097 ut
489 4047 535 4097 ille
553 4047 618 4098 vult.
712 4045 739 4114 2)
760 4048 907 4114 Sequentia
927 4049 1006 4098 etiarn
1025 4051 1053 4098 in
1073 4065 1097 4100 a.
1117 4049 1179 4100 987.

66 4118 230 4170 collocanda
250 4136 317 4180 esse,
336 4119 467 4170 Wilmans
487 4137 514 4186 p.
535 4121 585 4170 119
606 4136 665 4185 sqq.
684 4122 776 4172 statuit
796 4126 822 4170 et
842 4119 875 4170 de
894 4121 1013 4171 secunda
1031 4122 1083 4171 hae
1109 4122 1179 4172 obsi-

66 4191 148 4242 dione
170 4191 315 4255 dubitavit3
341 4192 388 4244 ssd
409 4193 443 4244 cl.
468 4191 565 4245 Olleris
584 4209 611 4258 p.
628 4192 694 4256 531,
724 4195 768 4260 qui
792 4199 880 4243 tamen
907 4194 976 4243 haec
1001 4195 1086 4243 minus
1106 4200 1183 4244 recte.

65 4281 91 4316 a.
112 4264 176 4316 989.
196 4270 274 4329 gesta
292 4270 381 4331 putat;
399 4265 427 4316 id
448 4264 518 4330 quod
538 4282 598 4315 cum
612 4266 646 4315 iis
660 4272 763 4330 pugnat
781 4280 849 4332 quae
868 4267 926 4332 ipse
952 4265 985 4316 de
1005 4266 1078 4316 obitu
1096 4265 1186 4315 Adai--

61 4338 174 4390 beronis
194 4338 391 4405 archiepiscopi
409 4337 445 4404 (c.
466 4335 514 4404 24)
532 4339 677 4404 proposuit.
