2820 4824
354 329 506 380 RIOHERI
527 328 778 380 HISTORIARUM
797 327 907 377 LIBER
922 328 945 377 Ι.
1173 328 1208 375 37

94 493 182 580 apud
207 517 327 580 regem,
359 495 568 580 prodentibus
598 496 647 559 sui
677 493 752 558 facti
775 493 918 573 consciis,
941 495 1137 573 convictum,
1161 509 1268 557 61-931.

119 576 222 642 astulo
243 579 451 663 mancipatur.
496 579 567 658 Quo
589 588 728 663 peracto,
757 601 776 640 a
797 577 938 662 pernicie
960 575 1123 640 Heriberti
1144 599 1208 639 non

95 600 263 740 desistens,
285 662 423 746 Hugone
444 664 553 742 ascito,
577 684 649 724 cum
671 661 754 724 8000
768 661 960 724 Laudunum
981 661 1111 744 appetit.
1141 659 1208 724 Ubi

97 766 166 807 cum
182 743 371 810 Heribertus
393 745 493 810 multa
514 746 679 810 obsidione
700 754 875 827 urgeretur,
897 742 1082 822 egrediendi
1102 741 1208 806 locum

97 826 137 892 ab
159 850 233 913 rege
255 828 408 913 postulat,
438 851 476 893 eo
520 829 585 892 uod
606 830 715 913 copias
736 827 872 891 militum
894 828 1101 911 ciborumque
1123 826 1209 890 suffi-

97 912 214 976 cientes
236 933 301 976 non
321 912 462 976 haberet.
537 935 579 975 uo
598 911 638 976 ab
653 933 728 994 rege
744 910 881 991 obtento,
904 932 976 974 cum
992 912 1057 973 suis
1073 910 1114 975 ab
1129 907 1208 974 urbe

96 997 209 1077 exivit3
238 1017 373 1058 uxorem
399 997 432 1057 in
459 1017 533 1059 arce
560 1017 656 1080 quam
685 1003 886 1057 exstruxerat
915 991 1105 1079 relinquens,
1135 1015 1208 1056 oum

96 1100 134 1142 co
159 1080 198 1142 iis
231 1101 300 1142 sese
332 1078 564 1142 subventurum
595 1079 629 1140 in
656 1077 804 1161 proximo
832 1086 928 1140 ratus.
970 1077 1043 1141 Rex
1072 1099 1208 1140 vacuam

94 1103 208 1227 urbem
229 1163 391 1246 ingressus
413 1159 567 1246 dolosque
588 1162 714 1246 penitus
736 1159 913 1240 advertens,
936 1182 1040 1224 arcem
1060 1160 1209 1225 diuturna

94 1247 334 1331 expugnatione
355 1253 453 1308 vexat
474 1266 608 1330 eamque
639 1244 884 1328 circumquaque
905 1242 1060 1306 vallatae
1082 1264 1205 1306 omnem

96 1351 114 1392 e
138 1327 283 1392 rediendi
314 1327 437 1391 aditum
470 1327 627 1409 obcludit;
660 1349 802 1411 pugnam
832 1327 954 1390 diutina
983 1328 1207 1411 congressione

95 1434 115 1474 a
160 1412 261 1475 ibens.
303 1412 348 1475 At
378 1420 466 1475 tanto
500 1412 671 1475 certamine
703 1411 786 1474 vires
818 1411 1030 1473 resistentium
1059 1411 1207 1494 impares,

95 1497 193 1559 armis
216 1495 377 1579 depositis,
399 1495 516 1559 cedunt
537 1517 575 1558 ac
596 1516 656 1580 pro
671 1495 738 1557 vita
753 1492 942 1577 supplicant.
986 1493 1118 1557 Tiranni
1131 1515 1207 1556 vero

94 1601 178 1642 uxor
207 1577 301 1642 simul
328 1579 428 1658 victa,
460 1601 518 1664 pro
541 1601 575 1643 se
596 1578 734 1663 petitura
754 1577 798 1649 ad
822 1598 930 1661 regem
954 1599 1027 1639 cum
1050 1577 1115 1639 suis
1136 1599 1208 1661 pro·

119 1673 195 1743 erat,
226 1683 331 1726 arcem
357 1661 494 1726 reddens
523 1685 560 1726 ac
590 1661 771 1744 egrediendi
802 1670 924 1724 tantum
952 1659 1057 1723 locum
1111 1671 1207 1725 etens.

94 1684 166 1810 ltex
179 1767 254 1811 vero
272 1746 424 1810 feminam
444 1747 580 1812 retinere
602 1745 787 1829 dedignans,
811 1766 884 1807 oum
907 1743 971 1807 suis
994 1683 1117 1827 digredi
1137 1766 1207 1828 per-

95 1831 183 1892 misit
203 1851 240 1893 ac
261 1852 366 1894 arcem
389 1830 505 1894 exinde
527 1851 599 1892 cum
621 1828 699 1892 urbe
722 1829 867 1893 obtinuit.

151 1949 202 2014 63.
239 1949 440 2013 Inteffeetiob
462 1947 621 2013 Adelelmi
643 1949 789 2012 comitis*J
811 1969 831 2010 a
853 1945 991 2032 quodam
1014 1946 1151 2009 clericob

229 2033 427 2118 episcopium
448 2033 685 2096 Noviomenseb
708 2031 898 2116 expetenteb
921 2029 1074 2094 seductib.

178 2133 245 2198 Ubi
275 2143 444 2219 postquam
473 2133 547 2197 urbi
574 2132 710 2197 tuendae
739 2133 919 2196 necessaria
946 2130 1133 2213 ordinavit*,
1166 2131 1267 2216 det-‘¹²-

97 2218 260 2301 episcopio
282 2218 395 2280 etiam⁰
416 2217 623 2282 Noviomensi
645 2218 697 2280 cui
719 2227 801 2280 esset
829 2215 970 2280 dandum
999 2213 1205 2296 deliberabat,

96 2321 169 2361 cum
199 2309 280 2396 tunc·
303 2299 470 2384 Ayrardus
500 2301 672 2397 episcopus
706 2299 831 2363 obisset.
874 2299 983 2362 Namd
1004 2297 1316 2363 *Walbertus‘nsss

98 2380 338 2445 Corbeiensrum
359 2381 459 2446 abbas
481 2405 510 2446 61
531 2383 699 2447 succedere
720 2383 916 2468 petebatur0,
938 2383 988 2446 vir
1009 2391 1153 2446 strenuus
1169 2403 1207 2444 ac

95 2463 236 2529 liberalis
258 2474 289 2529 et
310 2466 362 2528 oui
382 2466 479 2530 totius
499 2465 624 2528 bonesti
649 2467 745 2530 decus
773 2465 945 2529 admodum
967 2463 1096 2550 placuit.
1139 2463 1207 2528 Nec

95 2548 201 2611 minus
223 2557 255 2611 et
275 2547 436 2632 predictae
457 2548 545 2612 urbis
568 2549 718 2633 quidamc
741 2549 873 2614 clericus
895 2549 936 2613 ab
957 2571 1033 2632 rege
1055 2570 1124 2612 sese
1138 2549 1206 2613 fieri

96 2652 310 2695 successorem
337 2631 528 2716 postulabat,
557 2634 606 2696 vir
634 2631 798 2714 barbarus,
829 2655 927 2696 manu
955 2642 1050 2718 atque
1079 2632 1207 2697 audatia

94 2716 221 2796 nimius,
252 2724 283 2779 61
304 2716 355 2779 cui
377 2715 504 2780 solitum
526 2725 593 2780 erat
613 2738 720 2780 rerum
741 2716 916 2793 alienarum
938 2715 1209 2800 surreptionibusf

93 2798 214 2866 laetari.
259 2799 341 2864 *Hic
361 2798 402 2863 ab
422 2822 498 2884 rege
520 2798 708 2885 civibusque
727 2799 881 2882 abiectus,
904 2823 959 2864 cor
973 2801 1014 2864 ad
1028 2799 1117 2863 dolos
1134 2817 1255 2863 con-ror.
1273 2817 1319 2873 14¹⁸

93 2884 197 2946 vertit.
240 2881 440 2948 Adelelmum
473 2885 580 2969 itaque
613 2883 892 2948 Atrebatensiumc
925 2884 1082 2965 comitem,
1115 2885 1205 2946 cuius

94 2988 187 3029 casus
202 2987 359 3030 merorem
374 2966 481 3030 multis
497 2968 638 3049 incussit,
656 2967 841 3032 seducturus
856 2969 944 3052 petit,
968 2967 1035 3031 eius
1050 2966 1206 3029 auxilium

95 3048 283 3133 suppliciter
310 3060 421 3134 petens
448 3061 509 3113 acss
538 3073 629 3114 suurn
664 3049 831 3134 pollicens3
864 3073 933 3115 sese
961 3049 1002 3114 ab
1030 3073 1105 3135 rege
1135 3071 1206 3113 oon-

94 3141 250 3215 temptum
272 3134 398 3216 penitus
416 3135 633 3217 supprimens:
656 3132 720 3214 ‘Si’,
742 3136 855 3220 inquit,
876 3140 989 3218 ‘perte
1004 3135 1207 3219 episcopatus

95 3215 250 3298 dignitate
279 3215 392 3299 potiar,
418 3237 476 3300 per
496 3237 547 3279 me
569 3217 741 3281 efficaciter
763 3221 930 3282 comitatus
951 3217 1104 3282 honorem
1133 3239 1206 3280 con-

95 3299 246 3383 sequeris.
291 3298 384 3377 Quod
407 3301 502 3362 etiam
525 3300 570 3362 sic
592 3299 661 3362 fieri
687 3300 820 3382 valebit,
854 3303 882 3364 si
913 3312 1087 3365 nocturnus
1119 3299 1207 3364 urbis

94 3403 204 3445 muros
220 3381 413 3446 conscendas
429 3391 469 3464 et,
491 3404 542 3445 me
556 3383 688 3448 interius
703 3394 903 3468 procurante,
924 3394 995 3448 tuos
1014 3383 1206 3448 introducas.

94 3465 166 3550 Ego
189 3465 284 3529 etiam
307 3465 546 3552 cumpluribus
569 3467 675 3531 adero.
719 3467 914 3554 Collectique
943 3469 977 3530 in
1005 3469 1131 3550 agmine
1157 3490 1207 3530 ur-

93 3547 168 3613 bem
220 3549 416 3614 ervademus.
459 3549 572 3635 Itaque
604 3550 668 3632 fiet,
701 3560 737 3614 ut
765 3553 850 3616 cives
879 3561 935 3615 aut
961 3553 1124 3636 capiamus
1152 3559 1208 3614 aut

94 3655 176 3718 prop
211 3636 334 3698 semus’.
378 3634 504 3698 Horum
527 3633 710 3698 Adelelmus
738 3634 893 3717 credulus,
924 3634 1016 3698 dictis
1045 3634 1207 3699 suadentis

93 3719 188 3781 favet.
234 3716 343 3781 Scelus
377 3739 453 3802 ergo
487 3727 741 3802 attemptaturus,
776 3718 890 3782 urbem
924 3727 1096 3782 nocturnus
1133 3739 1206 3782 cum

167 3877 191 3946 *)
211 3880 264 3930 Ubi
284 3895 344 3928 cum
363 3895 410 3928 rex
428 3879 488 3929 urbi
507 3879 623 3930 tuendae
643 3881 795 3930 neccssaria
821 3880 956 3931 ordinaret
981 3898 1013 3930 ac
1038 3883 1066 3931 in
1092 3881 1207 3947 predicti

212 3953 310 4002 tiranni
328 3952 418 4001 16116111
438 3951 492 4000 alia
511 3953 581 4016 (post
595 3952 672 4017 add.)
693 3952 764 4020 apud
785 3953 928 4018 Hugonem
949 3954 1101 4020 disponeret
1119 3970 1152 4004 66
1172 3953 1204 4002 dc

213 4041 255 4090 ep.
276 4051 307 4060 —-
331 4023 492 4074 deliberaret
511 4033 556 4075 etc.
578 4026 601 4076 l.

152 4167 175 4220 a)
193 4179 212 4211 6.
235 4169 404 4210 rationabiliter
427 4169 545 4208 convictus
561 4172 581 4212 1.
645 4168 669 4220 b)
687 4172 740 4222 6116,
764 4171 830 4223 661111,
854 4170 917 4219 61611,
941 4171 989 4222 vio,
1009 4173 1084 4220 poten,
1106 4170 1124 4209 ti
1148 4169 1206 4208 abac,

92 4226 245 4328 lliffim'
321 4225 344 4278 ἃ)
362 4238 372 4266 ⁰
387 4239 444 4268 Μ’·
522 4226 543 4280 ⁰)
558 4228 711 4282 petererprr)
737 4230 757 4271 r.
835 4225 853 4279 f)
871 4229 1016 4278 surreptione
1033 4231 1052 4270 1.
1128 4225 1151 4278 g)
1167 4228 1205 4266 1111
