2820 4824
176 346 226 395 152
408 343 560 394 RICHERI
579 341 829 392 HISTORIARUM
847 341 957 391 LIBER
976 341 1047 392 IIII„

114 528 164 570 ⁹⁹1.
175 510 342 576 comitibus
365 508 509 572 lucorum
537 508 710 589 anfractus,
740 529 804 570 non
831 507 957 572 defuere
988 506 1155 572 infortunii
1183 530 1278 576 casus.

95 587 257 659 112an
278 592 457 658 fallentibus
478 591 582 673 biviis,
609 614 666 655 sex
686 591 852 676 leugarum
881 614 918 654 su
941 591 1097 656 erfluitate
1125 593 1277 659 exorbito

173 679 288 743 vimus.
324 676 523 739 Transmisso
545 696 619 740 vero
641 674 811 739 Teodorici
832 614 969 757 castello,
992 677 1191 760 parvaredus
1212 689 1276 744 ante

174 762 261 825 visus
283 758 477 844 bucephalus
498 758 567 823 fieri
598 760 704 844 coepit
724 757 820 823 asello
842 758 1064 824 tardiusculus.
1103 761 1176 824 Iam
1198 760 1277 826 sola

174 843 386 908 mesembrino
409 843 604 920 discesserat,
625 852 755 928 totoque
777 865 849 907 aere
870 844 904 905 in
947 843 1049 908 luvias
1064 843 1228 927 dissolute,
1248 846 1277 908 in

175 949 323 992 occasum
343 926 503 1010 vergebat,
533 949 605 991 cum
626 927 715 990 fortis
736 925 788 990 ille
809 865 969 991 bucefalds
997 950 1146 1012 supremo
1176 927 1276 993 labore

173 1011 286 1094 victus,
307 1013 389 1075 inter
408 1010 528 1075 femora
548 1009 713 1074 insidentis
734 1011 826 1109 pueri
847 1011 995 1074 deficiens
1011 1013 1138 1094 corruit,
1155 1022 1187 1076 et
1200 1011 1276 1077 velut

173 1093 296 1179 fulgure
317 1096 475 1174 traiectus,
497 1104 606 1158 sextoa
628 1093 762 1157 miharro
784 1092 824 1156 ab
840 1094 918 1158 urbe
933 1096 1118 1180 exspiravit.
1157 1095 1276 1176 Quanta

174 1187 250 1242 tunc
271 1177 331 1242 fuit
351 1177 558 1263 perturbatio,
580 1187 698 1263 quanta
713 1178 866 1258 anxietas,
889 1177 934 1242 illi
954 1177 1154 1264 perpendere
1169 1178 1274 1261 valent,

174 1263 228 1359 qui
256 1283 347 1326 casus
376 1258 493 1326 similes
522 1260 692 1345 aliquando
718 1263 862 1347 perpessi
888 1273 969 1344 sunt,
998 1272 1030 1325 et
1056 1285 1099 1326 ex
1126 1263 1274 1328 similibus

174 1344 290 1409 srmilia
312 1344 470 1430 colligant.
506 1345 590 1408 Puer
609 1345 795 1429 inexpertus
816 1347 896 1410 tanti
916 1347 1036 1410 itineris
1052 1346 1273 1428 difficultatem,

173 1427 275 1492 fessus
297 1439 362 1493 toto
385 1449 516 1513 corpore
539 1450 620 1513 equo
642 1430 757 1492 amisso
783 1428 916 1493 iacebat.
959 1430 1008 1492 Im
1033 1430 1197 1496 adimenta
1216 1433 1273 1495 sinc

173 1523 299 1576 vectore
322 1512 462 1576 aderant.
505 1511 627 1576 Imbres
656 1513 754 1574 nimia
781 1512 937 1578 infusione
962 1453 1106 1582 ruebant.
1152 1513 1272 1579 Caelum

173 1595 283 1660 nubila
304 1594 518 1680 pretendebat.
562 1595 618 1660 Sol
637 1597 702 1658 iam
723 1597 756 1658 in
777 1617 892 1659 occasu
917 1595 1100 1660 minabatur
1126 1597 1272 1662 tenebras.

173 1680 261 1743 Inter
291 1677 369 1743 haec
401 1680 506 1742 omnia
543 1677 700 1743 dubitanti
736 1679 902 1743 consilium
931 1703 950 1744 a
978 1680 1048 1743 Deo
1083 1703 1150 1745 non
1176 1681 1272 1746 defuit.

173 1763 312 1826 Puerum
333 1784 470 1848 namque
492 1784 564 1825 cum
584 1763 817 1848 impedimentis
838 1761 885 1825 ibi
904 1763 1032 1849 reliqui3
1056 1764 1236 1851 dictatoque
1249 1767 1272 1828 ei

175 1845 253 1931 quid
276 1847 485 1931 interrogatus
508 1869 528 1910 a
547 1847 781 1911 transeuntibus
810 1847 1015 1931 responderet
1049 1858 1081 1911 et
1114 1859 1152 1913 ut
1172 1871 1271 1912 somno

173 1929 350 1993 imminenti
370 1930 536 2011 resisteret,
557 1929 623 1994 solo
645 1931 749 2028 equite
765 1929 936 1994 Camotino
952 1932 1131 2013 comitatus,
1153 1931 1271 1998 Meldin

196 2015 312 2078 arveni.
354 2013 488 2078 Pontem
511 2035 635 2099 quoque
656 2036 713 2078 vrx
735 2014 774 2077 de
795 2013 865 2078 luce
887 2014 1008 2095 videns,
1031 2015 1202 2098 ingredior.
1237 2015 1272 2078 Et

173 2035 250 2160 dum
272 2096 452 2182 diligentius
475 2096 712 2183 contemplarer,
737 2099 828 2161 novis
849 2099 963 2162 iterum
984 2097 1166 2163 infortuniis
1188 2121 1272 2184 ange·

172 2180 240 2245 bar.
283 2181 393 2245 Tantis
426 2181 510 2245 enim
543 2189 574 2245 et
604 2190 650 2245 tot
681 2180 819 2245 hiatibus
848 2181 985 2266 patebat,
1015 2192 1050 2245 ut
1078 2184 1136 2246 vix
1164 2184 1271 2247 civium

171 2265 341 2330 necessarii
363 2264 413 2329 die
436 2265 547 2329 eadem
567 2287 626 2350 per
640 2286 712 2328 eum
727 2266 916 2329 transierint.
949 2265 1141 2330 Oarnotinus
1156 2268 1272 2352 inpiger

172 2359 203 2414 et
224 2351 257 2412 in
278 2348 460 2434 peragendo
482 2350 593 2412 itinere
615 2349 691 2411 satis
709 2348 869 2432 providus,
892 2348 1070 2412 naviculam
1086 2351 1204 2414 circum
1226 2372 1270 2413 ua-

173 2455 234 2519 que
255 2434 416 2519 inquirens
439 2442 470 2496 et
490 2430 609 2495 nullam
629 2432 802 2513 inveniens,
824 2432 865 2495 ad
887 2435 992 2518 pontis
1013 2432 1159 2516 pericula
1179 2373 1270 2513 rediit,

171 2526 203 2580 et
223 2526 258 2580 ut
279 2519 353 2601 equi
372 2516 545 2580 incolumes
568 2516 851 2579 transmitterentur
873 2540 890 2581 e
912 2516 997 2580 caelo
1020 2519 1163 2582 emeruit.
1200 2517 1269 2580 Nam

171 2601 205 2662 in
225 2600 304 2663 locis
324 2599 483 2663 hiantibus
513 2621 529 2662 e
554 2621 666 2663 uorum
694 2599 828 2684 pedibus
850 2598 1020 2686 aliquando
1046 2599 1188 2698 clipeum
1208 2600 1269 2664 sub-

173 2683 260 2764 dens,
282 2681 450 2767 aliquando
471 2682 525 2746 tab
560 2704 594 2746 as
616 2683 755 2747 abiectas
770 2683 954 2768 adiungens,
976 2685 1071 2748 modo
1086 2693 1268 2764 mcurvatus,

172 2765 267 2829 modo
296 2775 427 2847 erectus,
456 2765 550 2828 modo
579 2766 747 2846 accedens,
776 2767 870 2831 modo
898 2789 1081 2850 recurrens,
1109 2769 1270 2832 efficaciter

173 2870 248 2911 cum
269 2850 359 2932 equis
380 2871 431 2912 me
453 2850 622 2912 comitante
643 2852 832 2932 pertransiit.
873 2851 947 2914 Nox
968 2851 1170 2916 inhorruerat
1190 2873 1269 2915 mun-

173 2932 312 3016 dumque
334 2939 414 2995 tetra
435 2932 568 3017 caligine
591 2933 775 3016 obduxerat,
798 2957 870 2998 cum
890 2934 1054 3000 basilicam
1077 2938 1180 3001 sancti
1199 2935 1269 2999 Pha-

172 3016 258 3079 ronis
272 3015 388 3096 introii,
398 3015 547 3079 fratribus
562 3015 666 3081 adhuc
681 3019 867 3102 parantibus
882 3028 993 3103 potum
1009 3020 1181 3084 caritatis1.
1207 3019 1269 3099 Qua

172 3097 223 3162 die
244 3097 457 3184 sollempniter
477 3109 671 3184 pranserant,
697 3103 827 3166 recitato
858 3101 1017 3187 capitulob
1046 3102 1086 3167 de
1115 3102 1269 3186 cellarario

171 3184 362 3265 monasterii,
385 3183 468 3269 quod
490 3183 550 3248 fuit
571 3205 665 3248 causa
686 3193 751 3248 tarn
774 3208 861 3250 serae
886 3187 1065 3270 potationis.
1109 3185 1142 3250 A
1164 3186 1269 3273 quibus

170 3275 205 3330 ut
225 3267 321 3332 frater
343 3277 505 3352 exceptus,
533 3266 679 3331 dulcibus
701 3266 847 3353 alloquiis
877 3269 1018 3354 cibisque
1047 3269 1269 3335 sufficientibus

168 3361 327 3416 recreatus
349 3373 428 3415 sum.
473 3349 680 3416 Oamotinum
702 3353 840 3437 equitem
867 3375 940 3417 cum
969 3354 1058 3437 equis
1080 3357 1181 3417 vitata
1201 3375 1269 3439 pon-

168 3436 229 3500 tis⁰
268 3434 408 3521 pericula
444 3435 557 3498 iterum
589 3444 848 3518 attemptaturum
886 3457 984 3522 puero
1015 3435 1126 3500 relicto
1160 3437 1269 3501 remisi.

168 3518 246 3584 Arte
267 3520 422 3604 premissa
443 3519 633 3603 pertransiit.
669 3520 712 3582 Et
733 3519 775 3582 ad
797 3542 932 3604 puerum
954 3519 1094 3584 secunda
1114 3523 1217 3584 noctis
1231 3520 1269 3583 vi·

168 3601 244 3686 gilia
265 3601 461 3667 errabundus
483 3603 635 3687 pervenit.
679 3603 807 3687 Vixque
829 3626 901 3667 eum
923 3604 1048 3688 saepius
1070 3603 1269 3668 inclamatum

167 3687 317 3771 repperit.
360 3687 432 3766 Quo
455 3696 616 3772 assumpto
639 3709 712 3750 cum
734 3686 776 3750 ad
797 3687 909 3751 urbem
936 3686 1125 3769 devenisset,
1152 3707 1269 3772 suspee

168 3779 218 3832 tus
240 3770 344 3854 pontis
373 3767 522 3854 pericula,
553 3792 633 3856 quae
660 3771 833 3855 pernitiosa
863 3771 1080 3856 experimento
1110 3770 1270 3851 didicerat,

169 3873 242 3915 cum
263 3873 361 3936 puero
384 3860 415 3916 ot
436 3854 525 3936 equis
546 3854 579 3916 in
595 3854 759 3918 cuiusdam
773 3856 934 3939 tugurium
949 3852 1129 3918 dechnavit.
1162 3855 1271 3941 Ibique

168 3957 226 4019 per
246 3945 345 3998 totam
366 3934 450 3998 diem
472 3935 610 4020 incibati,
632 3947 723 4001 nocte
744 3936 798 4002 illa
820 3939 861 4002 ad
883 3937 1122 4023 quiescendum,
1148 3960 1212 4002 non
1233 3936 1270 4001 ad

169 4016 347 4080 cenandum
374 4016 497 4082 collecti
518 4029 598 4084 sunt.
642 4021 746 4101 Quam
774 4031 900 4086 noctem
922 4031 957 4085 ut
977 4022 1156 4086 insomnem
1177 4023 1270 4086 duxe-

167 4101 228 4164 rim
255 4108 286 4164 et
311 4110 427 4186 quanto
441 4102 475 4164 in
490 4124 527 4166 ea
542 4105 682 4169 cruciatu
695 4108 819 4169 tortusd
834 4107 903 4188 sim,
919 4105 1116 4193 perpendere
1131 4115 1271 4191 possunt,

226 4225 248 4279 a)
265 4228 332 4268 tertio
350 4230 370 4268 1.
429 4226 453 4279 b)
471 4232 521 4280 cap.
537 4241 554 4272 o.
615 4229 635 4282 c)
652 4232 683 4270 bis
697 4233 798 4282 scriptum
819 4238 873 4272 erat.
913 4231 935 4284 d)
952 4237 1047 4274 vexatus
1062 4244 1168 4283 mpersrr.
1193 4237 1270 4274 tortus.

242 4320 269 4387 1)
288 4321 365 4384 Quod
392 4325 420 4374 in
455 4324 542 4376 media
572 4326 774 4393 quadragesima
803 4330 846 4380 die
875 4329 946 4380 Iovis
954 4366 961 4393 ,
989 4331 1069 4384 Mart.
1100 4327 1149 4390 18,
1177 4329 1269 4390 fuisse,

167 4400 258 4446 censet
277 4396 454 4462 Poinsognon.
