2820 4824
266 368 421 420 RIOHERI
439 368 690 421 HISTORIARUM
708 370 820 422 LIBER
839 371 892 424 111.
1108 374 1159 422 111

39 556 223 622 pancorum
257 544 334 598 tune
359 536 505 600 notitiam
533 537 700 620 pervenire
727 538 840 623 potuit,
872 538 951 602 adeo
987 548 1024 603 ut
1051 551 1161 604 euntes
1171 562 1222 605 ors.

40 640 197 705 quorsum
226 619 394 683 nescirent.
437 618 581 684 Tandem
609 619 759 684 collectus
786 622 945 686 exereitus
972 623 1018 686 sic
1044 621 1160 687 densus

38 702 223 783 incedebat,
244 711 280 766 ut
301 713 405 767 erecta
427 701 552 767 hastilia
571 701 681 767 lucum
726 704 807 770 otius
823 726 918 789 quam
933 727 1022 768 arma
1035 717 1160 791 porten-

39 785 165 852 derent.
200 785 273 850 Ibat
295 807 372 870 ergo
393 807 452 870 per
474 807 592 850 cuneos
607 726 761 852 simbolo¹
779 788 953 853 distinctos.
987 788 1069 854 Cum
1083 812 1159 855 vero

38 869 127 935 vada
140 869 252 934 Mosae
273 870 531 952 transmisissent,
554 871 755 935 centuriones
771 873 954 936 constitutia
969 883 1000 937 et
1015 873 1160 958 dispositi

36 976 100 1102 per
129 953 305 1035 centurias,
328 953 478 1018 Ottonem
507 975 572 1017 non
596 953 805 1018 sufficientem
833 953 950 1020 habere
972 959 1158 1042 exercitum,
1265 957 1267 961 ’

61 1036 211 1121 iligenter
237 1035 442 1123 contemplati
464 1047 547 1102 sunt.
592 1037 727 1122 Itaqueb
749 1038 943 1102 accedebant
963 1039 1159 1127 multamque

36 1121 184 1207 inopiam
205 1121 252 1184 rei
273 1119 418 1185 militaris
439 1143 458 1184 a
481 1120 525 1185 ud
547 1121 670 1185 hostem
691 1119 910 1205 predicabant.

127 1205 178 1270 70.
222 1203 313 1284 Quae
335 1204 412 1268 dum
434 1143 479 1268 ad
496 1226 589 1268 aures
605 1203 731 1269 Ottonis
752 1204 940 1288 refenmtur,
961 1205 1023 1289 ille,
1046 1216 1157 1292 utpote

36 1297 109 1354 erat
138 1287 253 1352 audaci
281 1289 402 1370 animo,
434 1287 622 1353 Lotharium
653 1311 729 1352 num
754 1311 828 1352 uam
860 1289 940 1352 haec
971 1311 1157 1375 aggressum

35 1371 221 1458 respondit,
256 1394 316 1436 nec
343 1393 420 1437 vero
442 1373 476 1435 in
498 1394 570 1435 suas
591 1381 697 1457 partes
760 1381 889 1437 ventare
910 1375 1061 1458 potuisse,
1084 1396 1157 1438 oum

34 1477 99 1520 nec
122 1457 153 1520 ei
175 1477 212 1519 co
237 1456 269 1518 ia
290 1455 426 1520 militum
442 1455 610 1537 sufficeret,
631 1478 691 1521 neo
706 1455 746 1520 de
761 1457 826 1520 suis
841 1457 917 1520 satis
932 1459 1001 1541 spei
1016 1457 1156 1524 haberet.

35 1539 83 1604 At
105 1561 180 1604 cum
200 1478 254 1602 aiii
276 1548 372 1625 atque
394 1537 449 1603 alii
468 1539 655 1604 Lotharium
681 1541 745 1604 iam
767 1539 878 1604 adesse
908 1540 1050 1607 dicerent
1071 1543 1156 1606 etin

35 1645 75 1689 eo
99 1633 356 1709 perseverarent,
385 1623 461 1688 Otto
489 1621 608 1688 dixisse
636 1624 744 1706 fertur,
773 1647 807 1688 se
829 1625 870 1687 ad
891 1625 940 1688 his
963 1625 1156 1691 credendum
1249 1652 1251 1656 ¹

34 1706 124 1772 nullo
146 1705 241 1770 modo
287 1728 357 1771 osse
378 1705 472 1790 allici,
501 1708 563 1770 nisi
589 1708 658 1793 ipse
686 1729 812 1793 quoque
838 1708 979 1772 videndo
1008 1733 1066 1795 per
1087 1732 1156 1775 sese

35 1791 227 1856 addisceret.
261 1729 363 1890 liquis
385 1813 461 1876 ergo
483 1789 661 1855 inclamatis
676 1801 708 1855 et
721 1791 877 1874 adductis,
900 1792 976 1858 Otto
992 1793 1034 1856 ad
1048 1793 1156 1858 viden·

36 1875 137 1939 dumc
168 1885 335 1959 processrt.
392 1873 578 1939 Lotharium
614 1897 687 1938 oum
717 1877 822 1940 20000
853 1876 971 1940 instare
1007 1876 1154 1943 advertit.

36 1956 213 2043 Oogitabat
233 1957 341 2042 itaque
361 1980 447 2022 nunc
467 1959 570 2040 reniti,
596 1980 682 2023 nuno
705 1980 831 2044 quoque
858 1959 901 2022 ad
921 1968 1048 2046 tempus
1069 1984 1155 2026 rece-

36 2042 124 2124 dere,
147 2052 274 2126 etpost
295 2063 368 2105 oum
390 2043 533 2106 exercitu
555 2043 684 2126 copioso
706 2044 822 2107 reverti
843 2042 1065 2108 meditabatur.

123 2126 174 2190 71.
217 2124 391 2208 Tandemd,
413 2126 488 2224 quia
502 2125 672 2189 Lotharius
684 2127 826 2210 urgebat,
849 2135 932 2190 stare
953 2149 1018 2190 non
1038 2129 1153 2212 potuit.

35 2207 204 2274 Abscessit
225 2231 300 2356 erio
322 2231 468 2273 nonsme
482 2208 630 2290 lacrimis,
653 2231 727 2272 eum
741 2231 842 2272 uxore
857 2209 1036 2294 Teuphanu
1050 2212 1153 2355 ι’θῗῑί-

57 2315 99 2358 ne
120 2293 260 2378 principi
284 2314 332 2375 us,
354 2291 464 2357 relicto
493 2291 611 2378 palatio
633 2301 729 2378 atque
750 2294 839 2377 regio
861 2294 1049 2377 apparatud.
1122 2316 1153 2356 o-

70 2377 158 2440 arius
180 2397 253 2438 oum
275 2377 417 2440 exercitu
437 2376 536 2458 affuit,
559 2375 709 2441 Ottonem
731 2399 765 2440 se
787 2384 955 2461 capturum
976 2385 1073 2441 ratus.
1110 2376 1154 2441 Et

35 2469 124 2527 certe
139 2481 195 2524 coe
219 2460 304 2543 isset,
327 2461 354 2524 si
374 2461 408 2522 in
429 2461 541 2524 itinere
563 2481 633 2523 sese
648 2461 806 2525 exercitus
821 2461 960 2544 angariis
974 2480 1039 2523 non
1053 2460 1153 2545 impe·

34 2543 145 2610 disset
218 2565 270 2606 am
292 2546 319 2608 si
340 2551 413 2608 ante
434 2545 502 2608 eius
531 2543 705 2608 discessum
732 2543 835 2629 pridie
861 2543 1051 2624 advenisset,
1079 2566 1152 2608 eum

34 2637 92 2692 aut
128 2648 243 2712 capere
278 2637 333 2691 aut
363 2628 436 2691 neoi
468 2627 544 2691 dare
575 2629 739 2712 potuisset.
793 2625 950 2691 Palatium
981 2627 1079 2775 igtur
1111 2627 1151 2692 ab

33 2709 183 2776 hostibus
214 2719 395 2796 occupatur.
447 2711 567 2796 Regiae
594 2732 723 2775 mensae
755 2721 947 2776 evertuntur.
1026 2711 1152 2776 ibonrm

33 2802 210 2881 apparatus
238 2817 297 2879 per
325 2793 450 2860 calones
481 2794 638 2880 diripitur.
682 2796 783 2880 Regia
811 2816 937 2882 quoque
964 2795 1103 2880 insignia
1131 2817 1153 2860 a

28 2876 249 2964 penetralibus
278 2887 388 2964 erepta
416 2887 627 2964 asportantur.
669 2878 808 2943 Aeream
836 2878 985 2964 aquilam,
1015 2881 1151 2965 quaein
1233 2915 1235 2920 ·

29 2963 154 3028 vertice
174 2960 285 3048 palatii
306 2984 326 3026 a
346 2961 468 3026 Karolo
497 2961 617 3046 Magno
648 2963 713 3026 acsi
734 2961 846 3026 volans
875 2963 942 3026 fixa
970 2973 1039 3027 erat
1047 2976 1069 3046 0,
1097 2965 1216 3028 *innon
1234 2987 1278 3029 as.

29 3043 217 3110 vulturnum
244 3056 475 3111 converterunt.
518 3045 601 3108 Nam
632 3045 784 3109 Germani
812 3068 883 3110 eam
911 3048 945 3109 in
971 3045 1154 3111 favoniuml

30 3137 262 3212 converterant,
285 3128 442 3194 subtiliter
452 3130 478 3194 si
525 3130 676 3210 'ficantes
693 3128 802 3192 Gallos
821 3150 878 3193 suo
894 3130 1037 3214 equitatu
1052 3152 1150 3215 quan-

30 3212 141 3311 doque
161 3235 255 3298 posse
283 3213 408 3277 devinci
419 3225 441 3278 ².
478 3151 662 3293 lindtharius,
683 3211 800 3275 frustra
819 3213 942 3296 impetu
961 3212 1060 3294 lactc,
1082 3216 1149 3278 sino

30 3295 146 3361 obsrde
167 3295 218 3360 vel
240 3318 319 3381 pace
341 3305 505 3382 sequestra
526 3296 701 3360 exercitum
721 3295 859 3376 reduxit,
880 3303 992 3380 postea
1013 3318 1047 3359 se
1068 3296 1150 3359 redi-

28 3387 140 3444 ttu'um
162 3380 334 3445 confidens.

117 3463 189 3526 722.
233 3464 320 3546 Otto,
341 3464 394 3527 cui
414 3472 515 3527 totum
538 3462 726 3527 calamitatis
747 3460 874 3547 pondus
894 3459 1016 3525 illatum
1038 3460 1149 3544 fuerat,

30 3547 126 3611 donis
147 3540 376 3633 multiplicibus
398 3545 568 3632 multisque
588 3545 751 3611 favoribus
774 3567 847 3610 suos
870 3543 932 3610 sibi
945 3543 1149 3609 assciscebat.

28 3631 76 3694 Et
96 3638 208 3714 utpote
228 3631 378 3696 vincendi
399 3631 552 3716 cupidus,
581 3631 608 3694 si
631 3651 711 3716 quos
738 3628 862 3712 leserat,
883 3627 1064 3712 revocabat,
1093 3639 1150 3694 aut

29 3713 159 3778 reddito
183 3715 268 3799 quod
291 3713 469 3797 sustulerat,
492 3724 547 3779 aut
569 3714 643 3779 dato
660 3713 747 3800 quod
761 3712 985 3799 spoponderat.
1019 3713 1148 3778 Pacatis

29 3807 140 3862 autem
168 3797 315 3863 omnibus
336 3807 431 3885 atque
458 3797 519 3862 sibi
540 3801 707 3881 revocatis,
736 3799 763 3862 si
791 3799 846 3884 qui
866 3797 969 3861 forteh
990 3797 1148 3863 abscesse-

28 3889 112 4028 pant,
143 3903 317 3967 regnorum
348 3883 548 3968 principibus
580 3883 614 3945 in
645 3904 744 3946 unum
774 3880 929 3963 collectis,
963 3901 1071 3945 coram
1101 3882 1148 3946 sic

42 3974 158 4029 ocutus
179 3974 243 4030 est:

91 4125 115 4180 a)
131 4128 151 4168 tr
166 4131 189 4168 et
204 4127 226 4167 d.
243 4138 253 4166 e
268 4138 325 4167 corr.
385 4125 410 4179 b)
427 4127 557 4168 centuriati
572 4129 588 4172 t.
604 4130 624 4168 1.
677 4125 699 4179 o)
716 4127 927 4178 comprincipibus
943 4128 993 4168 add.
1010 4129 1029 4166 1.
1084 4124 1107 4177 d)
1123 4127 1148 4166 is

30 4198 100 4236 mara.
118 4190 267 4236 ornamentum
282 4186 382 4226 demum
398 4185 549 4239 r(uga....).
610 4183 632 4237 e)
649 4197 693 4228 voe.
710 4197 802 4226 erasum.
848 4186 867 4237 f)
886 4187 911 4226 tn
927 4184 1006 4226 Gallos
1020 4187 1041 4238 1,
1057 4185 1146 4227 eorm.

28 4243 142 4297 militia
157 4255 226 4293 marr.
286 4243 310 4297 h)
324 4245 340 4284 t.
356 4246 435 4284 animo
452 4247 472 4287 1.

107 4338 136 4406 1)
156 4337 174 4392 ι’.
195 4355 216 4391 e.
236 4337 343 4390 vexillo.
419 4337 449 4405 2)
469 4339 509 4391 ct
529 4339 645 4392 Thietm.
663 4339 716 4407 111,
737 4341 763 4403 6,
781 4357 808 4406 p.
830 4339 891 4391 761.
