2820 4824
327 385 480 436 RIGHERI
499 384 753 438 HISTORIARUM
771 388 883 440 LIBER
902 389 971 440 IIII.
1176 393 1226 442 161

102 551 207 618 deret.
251 551 392 615 Vocatus
414 553 520 637 itaque
542 553 576 614 in
597 553 708 617 ordine
730 554 955 638 episcoporum
978 555 1129 620 consedit.
1164 556 1285 622 Ouiasr.

104 644 281 722 postquam
303 637 344 701 ab
367 636 526 721 episcopis
549 636 649 700 multa
672 636 759 701 illata
785 637 882 721 fuere,
914 637 1030 724 quibus
1057 635 1285 706 conclusus¹¹nb
1301 635 1336 677 ¹⁷·

103 720 254 799 cessavit,
277 729 308 782 et
329 718 380 783 ille
403 719 664 804 1111101111111111
686 721 829 800 intendit,
859 721 921 786 alia
942 723 1092 808 reppulit,
1121 725 1225 789 victus

103 812 216 868 tamen
237 811 496 889 argumentorum
522 804 698 868 rationibus
725 803 893 870 succubuit
921 815 952 870 et
974 829 1042 871 sese
1071 830 1162 872 reum
1187 829 1226 872 ae

102 887 287 951 sacerdotio
309 887 476 970 indignum
500 907 607 949 coram
629 886 792 951 confessus
814 897 869 952 est.

333 1042 382 1105 70.
425 1042 612 1127 Ingressusl’
633 1045 768 1127 regumb
791 1045 823 1106 in
845 1043 1001 1108 sinodum.

192 1143 289 1224 Quod
311 1165 383 1207 curn
404 1145 535 1228 regibus
557 1152 742 1229 suggestum
765 1155 821 1226 est,
851 1146 915 1230 ipsi
936 1168 1009 1210 cum
1035 1148 1225 1232 primatibus
1235 1165 1307 1208 cern.
1318 1177 1337 1209 0.
1349 1166 1385 1211 10,

100 1250 199 1293 sacro
222 1228 445 1313 episcoporum
468 1229 638 1292 conventui
659 1251 727 1292 sese
749 1227 903 1311 inferunt,
924 1230 1042 1314 gratias
1065 1232 1173 1315 episco
1197 1233 1225 1295 is

101 1311 286 1392 reddentes,
309 1333 345 1375 eo
368 1312 453 1396 quod
480 1334 539 1396 pro
563 1334 595 1375 se
625 1321 656 1375 et
682 1311 783 1376 salute
813 1314 993 1398 principum
1023 1314 1078 1377 diu
1108 1253 1225 1380 delibe-

103 1403 240 1460 rassent.
283 1395 399 1459 Petunt
420 1407 567 1480 quoque⁰
588 1406 751 1480 gestorum
779 1397 892 1460 seriem
914 1397 975 1461 sibi
996 1396 1108 1478 evolvi,
1139 1409 1169 1462 et
1191 1399 1224 1461 in

101 1501 171 1565 quo
195 1479 392 1543 constiterint
412 1479 573 1542 rationum
595 1479 667 1543 fine.
712 1479 804 1542 Tunc
834 1481 929 1544 etiam
958 1481 1100 1544 omnium
1121 1491 1224 1567 gesto-

103 1585 178 1627 rum
200 1563 297 1627 series
323 1560 452 1647 regibus
481 1564 628 1647 exposita
655 1573 711 1628 est.
760 1563 837 1628 Post
863 1564 1007 1628 auditum
1036 1566 1224 1630 narrationis

98 1647 272 1728 ordinem,
304 1647 368 1709 iam
400 1654 463 1710 tem
489 1668 526 1709 us
558 1645 670 1710 adesse
702 1645 807 1710 iuditii
829 1647 967 1712 habendi
977 1649 1001 1728 l,
1030 1658 1224 1713 asseverant.

100 1731 198 1794 Tunc
214 1731 358 1814 episcopi
373 1667 551 1812 Amulium,
573 1739 609 1793 ut
623 1753 736 1815 regum
750 1730 885 1815 genibus
900 1730 1115 1816 provolvatur,
1139 1755 1224 1796 com·
1233 1773 1253 1803 1,
1270 1762 1307 1806 51,

99 1824 243 1896 monent,
269 1823 393 1877 reatum
415 1835 541 1898 quoque
564 1835 656 1877 suum
678 1815 865 1878 confiteatur
886 1823 982 1900 atque
1005 1837 1063 1900 pro
1086 1817 1135 1879 sui
1156 1817 1224 1881 vita

99 1907 138 1962 et
165 1897 381 1961 membrorum
406 1898 587 1982 integritate
617 1897 783 1983 supplicet.
830 1896 888 1962 Ille
917 1921 994 1962 mox
1023 1899 1223 1964 dominorum

101 1980 244 2080 pedibus
272 1989 462 2066 prostratus,
492 1981 613 2045 crimen
639 1981 801 2046 confessus
831 1990 894 2059 est;
922 1992 954 2046 et
982 1982 1159 2047 sacerdotio
1189 2005 1223 2047 se

100 2063 274 2150 mdignum
300 2085 460 2146 asserens,
489 2085 548 2150 pro
576 2063 643 2128 vita
672 2074 704 2129 et
732 2064 883 2130 membris
912 2065 1050 2129 suffusus
1081 2064 1222 2130 lacrimis

129 2146 299 2213 ostulabat.
341 2146 437 2212 Unde
459 2157 491 2212 et
511 2148 693 2212 universam
715 2146 861 2211 sinodum
883 2147 917 2210 in
937 2146 1084 2212 lacrimas
1107 2151 1220 2234 coegit.

134 2253 211 2317 eges
232 2230 333 2296 multa
376 2232 471 2296 ietate
492 2230 578 2314 flexi,
601 2231 702 2294 vitam
725 2241 756 2296 et
777 2231 991 2296 membrorum
1006 2233 1221 2316 integritatem

101 2314 281 2400 indulgent.
315 2254 382 2378 Supb
406 2315 551 2379 custodia
572 2314 625 2377 sui
646 2315 767 2400 absque
789 2315 872 2379 ferro
895 2324 926 2380 11
946 2313 1082 2379 vinculis
1105 2313 1222 2379 haben·

100 2399 183 2463 dum
206 2399 389 2464 decernunt.
421 2399 464 2462 Et
485 2421 505 2462 a
525 2408 610 2463 terra
631 2408 765 2480 erectus,
787 2400 1007 2483 interrogatur,
1030 2419 1072 2462 an
1093 2397 1222 2463 abdica-

98 2484 225 2547 tionem
254 2483 304 2546 sui
334 2503 490 2546 canonum
513 2482 700 2546 auctoritate
722 2481 940 2568 sollempniter
959 2482 1035 2546 velit
1057 2481 1219 2546 celebrari.

516 2639 565 2703 71.
608 2637 808 2703 Decretalee.

190 2739 286 2820 Quod
307 2761 380 2803 cum
402 2741 624 2826 episcoporum
650 2739 842 2805 ordinationi
869 2749 973 2805 totum
1001 2741 1222 2824 committeret,

96 2845 181 2887 mox
203 2823 366 2888 decretum
388 2834 444 2906 est,
474 2833 518 2907 ut,
540 2825 616 2910 quia
636 2847 669 2888 se
691 2823 859 2911 indignum
884 2824 1062 2889 sacerdotio
1093 2824 1222 2889 eonfite-

100 2907 200 2973 batur
222 2905 389 2993 scelusque
415 2928 480 2971 non
506 2910 644 2993 tegebat,
674 2909 756 2972 sicut
782 2907 935 2993 gradibus
963 2907 1122 2993 profectus
1151 2907 1220 2989 fuit,

99 2991 150 3055 ita
170 2991 324 3076 gradibus
345 2990 385 3055 de
411 3002 566 3056 oneretur.
604 2990 724 3056 Suasus
746 3013 831 3076 ergo,
854 2992 984 3076 regibus
1007 3013 1088 3076 quae
1110 2990 1150 3055 ab
1175 2993 1220 3056 eis

95 3082 275 3160 acceperat
294 3014 443 3157 reddidit,
465 3074 692 3139 sacerdotalesf
711 3096 786 3138 vero
808 3073 948 3138 infulas&
969 3076 1130 3172 episcopis
1153 3076 1220 3138 sine

102 3179 196 3222 mora
216 3157 346 3222 laxavit.
378 3159 595 3244 Interrogatus
618 3161 724 3239 ctiam,
747 3180 788 3221 an
810 3157 1020 3222 abdicatioms
1043 3168 1074 3222 et
1094 3156 1221 3243 repudii

95 3240 247 3307 libellum
260 3242 388 3325 faceret,
407 3241 448 3306 ad
462 3243 595 3307 votumll
611 3243 833 3326 episcoporum
849 3240 956 3303 omnia
969 3262 1037 3305 sese
1051 3240 1219 3322 facturum,

98 3324 279 3423 respondit.
332 3326 376 3389 Et
406 3324 548 3390 libellum
579 3345 657 3388 mox
688 3325 842 3410 scriptum
874 3333 906 3388 11
938 3320 1079 3388 oblatum
1112 3344 1219 3388 coram

97 3408 237 3494 regibus
257 3409 291 3471 in
314 3408 446 3474 concilio
468 3408 546 3494 legit
567 3418 662 3494 atque
687 3408 885 3493 subscripsit.

336 3554 385 3618 72.
429 3552 831 3640 Τ1111111111111111111111111ἱ
853 3551 989 3616 Arnulfi.

191 3655 313 3720 Textus
343 3665 448 3720 autem
474 3654 571 3721 libelli
603 3655 786 3720 huiusmodi
817 3663 919 3719 erat1:
957 3653 1037 3739 ‘Ego
1067 3650 1303 3721 Α1111111111111.

94 3741 210 3824 gratia
230 3739 294 3804 Dei
315 3740 488 3804 Remorum
511 3739 671 3826 quondam
698 3739 877 3824 episcopus,
904 3758 1136 3822 recognoscens
1161 3738 1222 3800 fra-

128 3823 262 3887 “tatem
284 3845 388 3886 meam
410 3833 442 3888 et
462 3823 605 3922 pondera
625 3832 827 3908 peccatorum
849 3844 1002 3902 meorum,
1031 3829 1127 3886 testes
1150 3841 1223 3884 con-

118 3928 242 3971 essores
272 3929 360 3971 meos
389 3907 558 3991 Sigumum
586 3907 871 3992 archiepiscopum,
904 3905 1094 3970 Daibertum
1122 3904 1223 3968 arohi-

166 4095 189 4148 a)
206 4098 308 4146 plurima
322 4097 452 4137 intenderet
468 4098 487 4137 1.
553 4094 577 4148 b)
593 4096 645 4148 Ing,
661 4107 740 4144 regum
756 4097 811 4135 abac.
880 4094 899 4145 c)
918 4105 973 4144 crgo
990 4098 1010 4134 1.
1077 4092 1100 4145 d)
1118 4093 1223 4134 habenda

93 4166 164 4194 corr.
181 4155 290 4196 habendi.
357 4154 378 4206 1)
395 4157 480 4195 Decret
495 4154 552 4197 absc.
620 4153 637 4205 f)
654 4156 757 4204 episcopi
775 4157 794 4195 1.
865 4153 887 4203 g)
905 4155 920 4196 1.
937 4157 991 4194 ante
1009 4155 1028 4193 1.
1089 4151 1113 4202 11)
1130 4156 1184 4192 vota
1201 4153 1222 4191 1.

94 4213 120 4266 s)
138 4213 200 4267 Tex,
214 4225 273 4264 rapu
288 4214 344 4255 abac.

179 4346 211 4413 1)
230 4347 284 4398 Hic
303 4345 337 4396 ad
356 4346 467 4398 verbum
486 4348 527 4396 111
546 4345 701 4411 exscriptus.

954 4425 990 4486 11
