2820 4824
290 367 442 418 RICHERI
461 367 713 418 HISTORIARUM
732 368 843 418 LIBER
862 369 932 419 1111.
1119 368 1171 418 175

82 535 187 600 cteris.
233 533 297 599 Sed
317 555 401 596 nunc
428 556 499 599 meo
525 556 601 597 usus
626 533 755 597 consilio
777 533 941 619 paululum
963 534 1036 598 hino
1059 534 1172 599 secede
1182 546 1232 589 995·

57 558 286 703 dominumque
315 627 404 680 tuum
431 616 557 698 dehis,
587 639 627 681 an
648 639 725 682 vera
749 618 827 699 sint,
856 619 973 682 interro
998 641 1026 682 a.
1078 617 1113 682 si
1141 628 1173 683 te
1264 619 1268 622 ”

57 702 98 766 ad
120 723 264 787 pugnam
285 699 436 782 hortatur,
459 701 662 785 congredere.
700 700 735 765 si
754 701 831 765 dicit
853 723 963 765 cessan
988 724 1052 782 um,
1074 701 1174 766 furori

56 785 171 935 parce'.
227 784 368 849 Secessit
394 805 470 868 ergo
500 784 728 869 dominumque
755 795 921 866 vocatum,
945 808 999 860 ,an
1028 786 1094 848 sica
1122 807 1172 848 res

79 870 222 950 abeatur,
244 869 427 951 interrogat.
462 867 654 953 Episcopus,
681 877 792 953 utpote
806 890 826 930 a
849 871 975 933 conscio
999 870 1173 950 convictus,

56 975 125 1018 rem
147 953 192 1016 ita
214 974 291 1028 esse,
316 951 479 1036 quaerenti
500 951 663 1015 confessus
686 960 742 1014 est.
785 951 880 1016 Unde
908 962 939 1017 et
964 975 1106 1037 pugnarn
1127 955 1173 1014 in-

56 1035 168 1100 hibuit.
224 1035 340 1100 Sedato
373 1034 479 1120 itaque
512 1036 623 1100 tantob
655 1034 779 1099 fervore
812 1035 937 1115 militis,
969 1058 1017 1099 res
1044 1037 1173 1121 penitus

56 1121 203 1183 innotuit.
246 1119 404 1183 Detentus
427 1139 503 1201 ergo
524 1141 637 1203 regum
658 1119 756 1198 iussu,
780 1129 890 1203 utpote
913 1119 1055 1184 desertor
1070 1128 1174 1182 custo-

58 1203 152 1268 dibus
174 1203 275 1267 datur.
320 1200 420 1266 Ouius
442 1199 557 1266 milites
578 1223 656 1264 mox
678 1202 808 1287 regibus
832 1212 1029 1267 sacramento
1052 1201 1173 1286 alligati

57 1297 140 1351 sunt.
417 1309 423 1319 ·

110 1441 162 1505 99.
199 1439 370 1525 Synodus⁰
392 1462 473 1526 quae
494 1462 553 1526 pro
575 1440 708 1504 Arnulfo
730 1441 889 1505 Mosomi⁰
910 1441 1039 1506 habita⁰
1061 1450 1118 1505 est.

142 1543 231 1606 Dum
245 1541 323 1622 haec
337 1543 534 1627 agerenturd,
551 1563 623 1605 cum
640 1541 815 1607 Galliarum
831 1544 974 1629 episcopi
988 1542 1028 1606 ab
1043 1543 1173 1629 regibus
1182 1558 1236 1600 Iun·
1253 1557 1276 1600 2·

58 1625 212 1713 prohibiti
234 1637 347 1708 essent,
370 1636 405 1690 ut
426 1626 468 1689 ad
488 1625 636 1690 sinodum
656 1636 806 1691 statutam
829 1649 893 1691 non
916 1628 1086 1708 venissent,
1109 1627 1174 1711 epi-

58 1711 150 1796 scopi
165 1721 272 1775 tamen
283 1709 483 1791 Germaniae,
498 1731 538 1772 ne
553 1709 619 1772 doli
632 1719 842 1794 arguerentur
856 1712 884 1774 si
898 1733 961 1775 non
975 1710 1173 1789 accederent,

58 1803 176 1858 statuto
198 1803 341 1879 tempore
356 1793 537 1857 Mosomum
560 1795 762 1877 conveniunt,
784 1794 892 1858 domni
913 1817 1016 1880 papae
1032 1793 1174 1879 legatum

59 1900 169 1943 secum
190 1877 343 1942 habentes
356 1887 375 1940 ¹.
421 1875 552 1940 Collecti
574 1899 649 1962 ergo
672 1879 705 1940 in
721 1877 853 1942 basilica
868 1890 995 1943 sanctae
1009 1879 1074 1943 Dei
1112 1878 1175 1942 cni-

58 1962 147 2026 tricis
162 1961 293 2043 Mariae,
309 1960 500 2024 ordinatime
515 1982 604 2024 more
620 1959 833 2025 ecclesiastico
852 1963 1034 2044 consedere,
1054 1901 1176 2025 scilicet

59 2041 588 2129 SugerusfMimagardvurdensis,
610 2043 803 2108 Leodulfusf
816 2045 1029 2127 Treverensis,
1051 2044 1175 2109 Noche-

57 2151 114 2194 rus
145 2128 349 2192 Leodicensis
390 2136 421 2191 et
453 2127 571 2191 Haimo
603 2127 824 2191 Virdunensis.
885 2129 1010 2192 Horum
1048 2127 1174 2192 modius

58 2212 159 2277 abbas
179 2212 245 2276 Leo
267 2210 385 2275 resedit
406 2211 558 2297 vicesque
588 2209 697 2274 domni
724 2233 828 2296 papae
857 2212 1002 2276 obtinuit.
1053 2210 1175 2276 Contra

81 2317 141 2359 uos
163 2296 258 2360 etiam
282 2292 455 2360 Gerbertus
470 2295 643 2358 Remorum
665 2293 936 2380 metropolitanus,
958 2295 1013 2381 qui
1028 2294 1113 2358 solus
1133 2317 1201 2376 eux

59 2317 237 2443 {talliarum
251 2379 410 2463 episcopis
419 2389 441 2459 8,
457 2379 587 2463 regibus
603 2378 698 2443 etiam
709 2378 979 2461 interdicentibus,
992 2377 1173 2460 advenerat,

83 2485 119 2527 ro
136 2485 169 2526 se
187 2483 406 2548 responsurus,
429 2483 471 2525 ex
492 2461 626 2526 adverso
641 2462 768 2526 resedit.
805 2461 1027 2527 Consederunt
1048 2483 1174 2547 quoque

58 2486 258 2612 diversorum
278 2544 421 2610 locorum
442 2545 575 2610 abbates
598 2566 635 2608 ac
658 2543 765 2609 clerici
785 2545 936 2610 nonnulli.
972 2545 1064 2609 Laici
1079 2546 1174 2610 etiam

60 2629 254 2696 Godefridus
280 2639 407 2693 comes²
431 2650 504 2692 cum
531 2629 655 2694 duobus
682 2628 755 2693 filiis
782 2630 846 2694 suis
872 2639 968 2716 atque
989 2630 1176 2715 Ragenerus

58 2714 264 2779 Remensium
285 2711 514 2777 vicedominus.

61 2869 132 2934 100.
174 2867 394 2933 Praelocutioh
409 2868 578 2933 Haimonis
593 2869 828 2934 Virdunensisll
843 2870 988 2955 episcopi
1003 2868 1065 2933 de¹¹
1081 2891 1179 2933 causa

548 2951 685 3017 sinodih.

145 3054 270 3134 Quibus
293 3053 540 3138 circumquaque
562 3052 736 3136 silentibus,
764 3055 934 3152 episcopus
957 3053 1176 3135 Virdunensis,

59 3159 98 3204 eo
122 3137 209 3223 quod
228 3136 370 3222 linguam
392 3135 549 3201 Gallicam
571 3147 679 3219 norat,
710 3158 838 3201 causam
864 3137 968 3200 smodi
995 3136 1176 3220 prolaturus

60 3222 213 3286 surrexit:
265 3220 479 3303 ι1111011111ηῆ
515 3221 676 3306 inquiens,
714 3220 765 3283 ‘ad
801 3242 892 3284 aures
928 3219 1038 3283 domni
1069 3241 1176 3304 papae

60 3305 227 3391 sepissime
247 3303 406 3389 perlatum
428 3313 492 3384 est,
524 3304 698 3369 Remorum
720 3302 922 3388 metropolim
944 3324 1113 3388 pervasam
1145 3313 1178 3367 et

58 3397 167 3474 preter
187 3388 236 3451 ius
258 3396 290 3450 et
310 3408 448 3472 aequum
469 3389 599 3473 proprio
620 3397 748 3485 pastore
770 3387 970 3468 frustratam,
992 3406 1057 3449 non
1078 3385 1176 3450 semel

60 3483 93 3538 et
121 3472 172 3538 bis
200 3470 312 3535 litteris
341 3471 515 3556 suggessit,
544 3480 701 3556 quatinus,
730 3470 823 3535 nobis
845 3472 878 3533 in
899 3492 998 3534 unum
1026 3467 1176 3552 collectis,

58 3565 184 3621 tantum
204 3555 327 3618 facinus
348 3554 432 3618 iusta
452 3553 543 3619 lance
564 3555 724 3640 utrimque
745 3576 951 3640 pensaremus
973 3563 1005 3618 et
1026 3573 1082 3616 sua
1104 3574 1178 3616 auc-

60 3640 188 3704 toritate
209 3660 268 3723 per
294 3658 352 3701 nos
380 3648 558 3702 correctum
584 3639 626 3702 ad
652 3659 796 3702 normam
824 3637 1059 3702 reduceremus.
1112 3635 1176 3701 Sed

61 3724 212 3809 quoniam
236 3719 431 3806 impediente
452 3744 559 3786 rerum
586 3722 770 3788 diversitate
798 3722 832 3785 id
860 3721 965 3786 facere
987 3718 1177 3802 distulimus,

120 3928 142 3982 a)
160 3931 193 3970 sie
209 3940 259 3970 sese
276 3932 297 3970 1.
364 3927 387 3980 b)
409 3932 625 3975 lentescentem
642 3932 662 3972 1.
734 3928 754 3981 c)
777 3930 906 3970 Concilium
922 3929 983 3978 quod
1000 3930 1025 3978 13
1040 3939 1076 3980 us,
1091 3930 1137 3981 Mo,
1154 3929 1179 3968 bl

60 3989 116 4028 abac.
158 4026 160 4030 Α
193 3987 216 4040 d)
240 3989 333 4029 Interea
354 3999 405 4029 cum
422 3987 449 4028 G.
466 3999 486 4029 1,
503 3999 517 4028 a
533 3999 551 4028 r.
567 4000 589 4038 p.
607 3989 636 4028 ad
653 3990 678 4039 1;
700 3990 729 4030 D.
746 3989 768 4030 h.
785 4000 805 4028 a.
824 3999 843 4030 c.
860 3989 884 4028 in
899 3999 974 4038 marg„
998 3989 1036 4027 ubi
1058 3998 1101 4037 age
1125 3998 1177 4027 cum

61 4047 116 4092 abac,
177 4046 199 4100 e)
217 4047 296 4087 ordine
313 4059 326 4088 e
342 4058 372 4088 m.
390 4048 409 4089 1.
469 4044 552 4098 flpost
566 4048 617 4087 add.
679 4045 702 4099 g)
720 4058 755 4097 ep.
773 4050 824 4088 etl.
892 4044 916 4098 h)
933 4048 973 4098 tio,
990 4047 1028 4098 dn,
1044 4056 1064 4098 e,
1082 4047 1104 4085 di
1119 4047 1175 4086 abac.

136 4177 165 4246 1)
186 4178 226 4231 cf.
246 4180 315 4230 Acta
334 4195 359 4229 a.
375 4179 512 4240 (imberto,
533 4179 649 4239 ss.111,
668 4196 694 4245 p.
709 4179 776 4240 6903
798 4179 892 4244 quihus
904 4177 1034 4228 Richerus
1050 4191 1113 4228 usus
1128 4182 1178 4228 cst.

63 4249 90 4316 2)
118 4251 281 4318 &odefridus
306 4268 388 4303 comes
412 4258 436 4303 et
459 4250 555 4318 reliqui
580 4252 659 4303 Gerb.
754 4252 781 4316 3)
808 4254 960 4304 Orationem
984 4248 1071 4314 finxit,
1100 4250 1176 4299 cuius

63 4329 246 4391 argumentum
266 4325 382 4376 breviter
400 4330 502 4376 tanturn
523 4325 666 4376 Gerbertus
685 4323 796 4377 indicat.
