2820 4824
239 324 270 371 ιο
498 322 651 373 arcuum
670 302 921 372 meroamauu
940 319 1052 371 amaa
1071 321 1093 372 1.

476 490 524 552 12.
567 489 749 552 Promotioa
770 486 904 552 Karolib
925 487 960 550 in
980 508 1089 571 regem
1097 496 1120 549 ³.
1168 476 1172 483 ¹

320 590 445 654 Interea
475 613 532 654 rex
565 613 585 654 a
616 590 788 654 Lemovica
819 589 898 653 urbe
931 588 1080 669 dimotus,
1108 587 1356 657 Ecbolisinam¹

237 675 317 759 petit
343 695 381 737 ac
403 673 448 737 ibi
471 696 615 759 quaeque
660 673 777 738 erenda
799 672 950 758 disponit.
986 672 1054 736 Nec
1074 671 1175 736 multo
1194 683 1278 770 poet
1304 697 1356 760 pe·

236 770 306 821 tens
328 758 567 842 Petragoram²,
600 697 756 822 nobilium
778 778 891 821 causas
914 778 995 842 quae
1016 754 1126 820 litibus
1148 756 1357 841 agrtabantur

237 841 283 905 ibi
305 843 497 927 aequissime
519 841 653 924 ordinat,
685 841 879 927 plurimum*
902 840 942 904 de
965 838 1187 904 communibus
1211 844 1356 907 omnium

238 927 341 989 causis
368 925 455 1010 apud
485 928 653 1012 optimates
675 935 882 1011 pertractans.
926 922 1051 1004 Quibus
1083 945 1157 987 cum
1190 923 1276 991 foret
1304 927 1355 991 ad-

237 1009 366 1072 modum
394 1011 530 1074 intentus
557 1010 667 1096 ibique
688 1032 746 1095 per
767 1008 888 1094 aliquot
907 1017 1053 1093 tempora
1066 1029 1136 1072 sese
1157 1020 1356 1075 moraturum

237 1104 439 1192 proponeret,
462 1094 561 1159 Fulco
582 1095 755 1158 Remorum
779 1091 1039 1177 archiepiscopus
1062 1091 1101 1156 de
1123 1091 1262 1158 Karolia
1285 1117 1354 1180 pro

130 1188 227 1241 'rr-⁶⁷³·
237 1188 375 1242 motrone
390 1180 424 1241 in
437 1201 571 1264 regnum
586 1178 692 1263 *apud
705 1177 822 1261 Belgas
843 1175 1011 1240 tractabat.
1042 1174 1223 1241 Videbatur
1238 1181 1354 1242 etenim

178 1250 321 1344 893’ῐιιιι(ι,
351 1262 437 1349 quod
459 1285 590 1348 presens
617 1263 813 1347 oportunitas
840 1260 915 1323 huic
943 1261 990 1324 rei
1016 1259 1059 1325 ali
1082 1282 1157 1324 uam
1180 1261 1353 1326 commodi·

236 1355 353 1410 tatem⁰
371 1356 498 1432 pararet
506 1348 529 1409 1¹.
572 1345 674 1471 idque
696 1344 888 1429 plurimum⁰
904 1282 1118 1429 persuadebat
1131 1345 1354 1411 Neustm‘orum

236 1430 381 1495 absentia
394 1434 431 1492 **.
475 1429 604 1493 Etenim
645 1450 718 1490 cum
739 1449 815 1512 rege
836 1429 870 1490 in
891 1427 1035 1513 partibus
1049 1428 1245 1513 Aquitaniae
1259 1439 1354 1494 umes

237 1512 468 1578 detinebantur.
528 1511 713 1577 Suadebant
749 1534 874 1610 quoque
911 1511 1102 1597 multiplices
1142 1513 1353 1578 adolescentis

238 1599 485 1682 quaerimoniae.
528 1597 598 1659 Iam
613 1597 698 1660 enim
714 1595 903 1695 qmndennis
918 1595 1007 1660 dere
1055 1597 1062 1611 '
1079 1597 1252 1661 amissione
1267 1597 1354 1683 apud

237 1682 357 1744 amicos
380 1690 411 1745 et
427 1681 618 1744 domesticos
639 1682 827 1765 gramssime
850 1702 911 1744 con
933 1702 1008 1744 uere
1032 1689 1111 1744 atur.
1140 1680 1353 1767 Regnumque

134 1778 229 1822 ‘totth
262 1773 406 1828 aternum
423 1773 567 1849 repetere
582 1765 680 1828 multo
696 1762 812 1829 eonatu‘
833 1701 1031 1828 molidbatur.
1076 1763 1135 1827 *Ei
1149 1786 1227 1849 ergo
1244 1787 1354 1830 omnes

238 1787 387 1932 belgicae
408 1850 570 1934 principes
592 1858 624 1913 et
650 1847 771 1934 aliquot
794 1847 934 1913 Celticae
962 1869 1163 1934 summopere
1192 1848 1353 1913 favebant.

237 1932 362 1995 Horum
385 1953 448 2017 quo
472 1955 512 1997 ue
534 1954 706 1996 consensus
728 1931 787 1997 sub
809 1933 959 1997 Remensi
985 1931 1228 2019 metropolitano
1251 1955 1353 1997 sacra-

237 2018 336 2080 menti
356 2017 424 2080 iure
519 2026 599 2081 atur.
641 2015 691 2081 Ae
712 2025 856 2103 tempore
870 2025 986 2082 statuto
1002 2017 1203 2098 conveniunt,
1226 2039 1270 2081 ex
1282 2016 1353 2082 Bel-

236 2100 330 2184 gica³
346 2101 475 2186 quidem
488 2099 696 2184 Coloniensis,
708 2102 895 2168 Trevericus
910 2111 1005 2186 atque
1016 2101 1222 2186 Magimtinus
1238 2111 1353 2167 metro-

237 2184 370 2268 politani
399 2207 472 2249 cum
499 2187 564 2250 suis
587 2185 784 2251 diocesaneis
812 2186 995 2270 episcopish
1024 2194 1079 2248 aut
1100 2206 1211 2248 eorum
1238 2185 1354 2270 proba-

237 2268 368 2334 bilibusi
389 2268 518 2355 legatis;
552 2293 594 2336 ex
617 2269 737 2335 Celtica
759 2291 835 2334 vero
857 2269 1030 2332 Remorum
1077 2267 1217 2333 redictue
1238 2278 1354 2333 metro-

236 2354 395 2438 politanus
417 2376 491 2418 cum
506 2354 650 2440 aliquot⁰
666 2356 731 2417 suis
746 2353 953 2431 diocesaneis,
975 2291 1180 2416 Leudunensi
1194 2351 1352 2434 videlicet,

237 2438 443 2503 Catalaunico
465 2448 497 2502 at
521 2460 560 2502 ue
575 2438 758 2501 Morinensi.
801 2435 978 2500 Anno***·¹¹
1000 2445 1107 2500 autem
1128 2437 1353 2500 incarnationis

133 2522 438 2587 uusadominicaek
461 2460 533 2586 89³.
559 2521 599 2609 [5.
614 2520 687 2582 Kal.
696 2520 741 2608 Ψ
761 2518 925 2600 Februar,
948 2519 1000 2584 die
1015 2519 1185 2601 dominica,
1208 2519 1354 2584 collecti⁰

236 2606 344 2668 Remis
366 2606 400 2667 in
421 2603 554 2667 basilica
568 2605 669 2667 sancti
683 2604 822 2688 Remigii
835 2602 991 2666 Karolum
1007 2602 1222 2689 quindennem
1242 2625 1354 2695 regem

132 2742 136 2764 ,
237 2697 345 2751 creant
374 2708 412 2751 ac
432 2688 466 2750 in
488 2687 567 2751 urbe
612 2696 800 2771 urpuratum
827 2708 915 2750 more
941 2689 1029 2773 regio
1052 2686 1157 2752 edicta
1179 2686 1256 2750 dare
1281 2708 1353 2751 con-

237 2772 376 2834 stituunt.
421 2770 465 2834 Et
480 2793 522 2835 ex
537 2709 658 2835 Oellica
673 2770 802 2856 quidem
824 2772 1009 2856 paucissimi
1031 2771 1098 2835 eius
1119 2779 1226 2856 partes
1241 2792 1353 2870 seque·

236 2853 360 2918 bantur.
403 2854 457 2917 Ex
478 2853 609 2939 Belgica
637 2876 712 2918 vero
739 2856 769 2918 ci
799 2876 907 2919 omnes
937 2853 1057 2920 addicti
1089 2864 1171 2919 sunt.
1215 2853 1268 2919 Ab
1291 2853 1354 2918 rllis

236 2939 321 3001 enim
341 2938 545 3003 devotissime
567 2947 728 3023 exceptus,
755 2961 814 3024 per
835 2951 973 3003 omnesm
996 2961 1106 3004 eorum
1127 2936 1221 3003 urbes
1244 2947 1277 3002 et
1299 2960 1354 3024 op-

236 3021 333 3108 pida¹¹
355 3021 582 3087 humanissime
604 3023 758 3088 deductus
781 3032 837 3088 est.

310 3195 333 3263 *)
353 3197 395 3249 Pl.
414 3197 448 3248 de
467 3198 587 3264 privatis,
607 3197 770 3265 multumque
791 3198 825 3251 de
846 3215 940 3251 comm.
961 3199 985 3248 1.

297 3286 333 3355 **)
353 3291 399 3356 qui
419 3289 560 3356 Sequanae
580 3291 725 3358 Ligerique
744 3293 832 3343 fluviis
857 3292 1015 3343 interiacent
1042 3288 1107 3340 add.
1130 3289 1153 3340 1.
1191 3288 1299 3339 Etenim
1319 3314 1353 3325 -

356 3363 545 3415 detinebantur
562 3363 591 3415 in
609 3381 694 3431 marp.
714 3362 845 3431 inferiori.

288 3453 338 3523 m)
358 3457 435 3508 Anno
450 3483 484 3493 -
500 3456 642 3518 dominica,
661 3457 762 3518 Remis,
779 3459 871 3506 areant
883 3478 920 3490 -
932 3451 1003 3503 redit
1016 3450 1050 3519 (e.
1064 3451 1109 3519 13)
1130 3452 1146 3501 2
1164 3452 1208 3505 vel
1223 3450 1254 3503 ia
1266 3470 1353 3522 mar-9.

355 3530 398 3582 vel
415 3530 444 3580 ia
463 3529 518 3580 loco
537 3545 609 3580 roeo.
629 3526 810 3595 (Collectique
827 3525 955 3593 perpetus
975 3523 1010 3591 1).

295 3691 319 3744 a)
335 3694 375 3742 tio,
392 3703 429 3732 em
444 3692 500 3732 abre.
546 3689 570 3742 b)
587 3691 784 3740 nuperumque.
830 3686 851 3739 c)
869 3699 952 3730 οσανν.
998 3687 1021 3740 d)
1038 3690 1111 3729 vocab.
1128 3700 1219 3729 aarum.
1266 3688 1288 3741 a)
1301 3696 1353 3740 poet

236 3752 286 3790 add.
347 3749 481 3800 oprofecti
497 3751 536 3789 del.
607 3747 630 3800 ς)
645 3750 719 3789 adbuc
736 3751 755 3788 1.
823 3745 847 3798 h)
865 3758 957 3788 necnon
972 3749 1067 3798 reliquis
1084 3746 1112 3801 (i)
1126 3753 1177 3798 poet
1193 3749 1243 3788 add.
1260 3750 1298 3788 sed
1312 3750 1352 3791 del.

236 3809 252 3859 i)
270 3808 403 3859 probabiles
421 3810 442 3851 1.
506 3807 531 3860 k)
547 3807 592 3858 An,
609 3809 698 3848 domini
712 3807 767 3846 aare.
829 3805 847 3858 l)
864 3807 885 3848 b.
900 3807 953 3847 Kal.
964 3808 1010 3856 jam
1025 3808 1082 3848 abac.
1143 3806 1175 3858 ιιι)
1192 3817 1235 3857 per
1250 3818 1264 3847 o
1280 3808 1355 3859 abr0.,·

234 3869 369 3916 primarum
385 3867 490 3907 omnibus
507 3878 527 3907 e.
544 3867 638 3907 urbibus
707 3865 796 3916 oppidis
811 3866 914 3916 seriptum
930 3871 983 3907 erat.
1043 3866 1068 3918 ιι)
1085 3869 1108 3906 et
1123 3877 1168 3916 opp
1184 3867 1241 3907 abac.

312 3995 340 4064 1)
360 3982 536 4064 Angouleme.
595 3995 624 4064 2)
643 3995 801 4064 Perigueux.
869 3996 898 4064 3)
918 3998 1052 4049 Hlotbarii
1070 4013 1183 4065 regnum
1201 4004 1266 4050 tunc
1285 4004 1354 4050 tem·

237 4071 308 4136 poris
321 4070 430 4122 Amulio
449 4073 569 4138 paruisse
590 4076 702 4134 constat,
721 4072 803 4136 igitur
821 4071 849 4121 hi
868 4079 922 4124 tres
942 4070 1136 4138 archiepiscopi
1155 4071 1284 4130 Karolum
1304 4074 1354 4123 mi·

236 4145 307 4194 nime
326 4160 417 4208 regem
437 4145 488 4196 sibi
509 4145 655 4211 elegerunt.
729 4145 759 4209 4)
773 4145 852 4195 Hunc
867 4145 937 4195 diem
951 4143 1044 4194 Karoli
1057 4144 1204 4210 diplomata
1217 4145 1353 4209 indicant;

239 4216 309 4266 diem
338 4216 532 4283 purificationis
561 4235 582 4270 s.
608 4219 710 4268 Mariae
739 4217 832 4284 (Febr.
860 4218 888 4285 2)
918 4219 1003 4269 minus
1031 4223 1104 4268 recte
1132 4218 1201 4268 Anu.
1225 4218 1353 4284 vedast,

238 4289 271 4340 cf.
291 4291 407 4342 Biihmer
426 4291 493 4358 Reg.
513 4293 577 4342 Kar.
596 4309 622 4359 p.
644 4290 704 4342 178.
