2820 4824
192 551 241 592 989.

250 365 284 436 td
506 363 660 415 RICHEBI
679 361 930 413 HISTORIARUM
949 360 1062 410 LIBER
1080 359 1117 410 II.

345 534 392 595 Π.
425 532 516 595 Rexa
538 532 572 592 in
592 528 742 614 Belgicaa
765 551 839 593 suos
863 529 925 593 sibi
947 529 1069 591 sociata
1091 535 1122 589 et
1145 525 1277 591 Ottonis

521 613 681 677 fautoresa
702 611 784 676 ultra
807 613 972 677 Rhenuma
994 611 1095 697 fugat.

279 726 280 730 ¹
335 735 406 799 Rex
414 737 454 779 Μ
479 735 512 796 in
533 756 617 820 pago
633 733 766 798 Elisatio
787 755 860 797 curn
881 733 936 797 Hu
961 755 1020 797 one
1036 732 1200 820 Cisalpino
1221 735 1363 820 principe

252 816 406 900 locutus²,
436 817 583 902 Belgicos
613 819 797 898 exteriores,
847 819 881 880 ui
910 756 959 881 ad
980 839 1013 881 se
1039 817 1182 881 nondum
1204 827 1363 899 venerant,

254 902 315 967 sibi
347 900 530 967 asciscebat.
589 901 632 965 Et
669 905 724 1000 qui
760 912 844 986 part1
868 923 905 965 us
939 901 1066 966 Ottonis
1101 900 1256 966 favebant
1288 900 1363 965 ultra

252 986 398 1050 Rhenum
420 986 529 1071 fugere
551 986 715 1070 compulit.
758 988 964 1050 Prosenserat
986 987 1080 1067 enim,
1111 984 1266 1050 Ottonem
1287 985 1363 1052 velle

251 1070 285 1132 in
307 1092 400 1133 suum
422 1071 471 1133 ius
493 1069 657 1154 Belgicam
678 1069 906 1134 transfundere.
961 1069 1056 1134 Unde
1085 1079 1117 1133 et
1138 1090 1221 1154 equo
1254 1070 1284 1135 ei
1305 1092 1363 1135 non

251 1153 411 1218 ferebatur
438 1154 555 1218 animo.
606 1152 830 1218 Truculentius
859 1175 934 1240 ergo
968 1163 1077 1218 contra
1109 1152 1199 1216 illum
1233 1155 1362 1238 agitans,

252 1240 348 1303 suos*
370 1239 410 1302 de
431 1260 529 1323 regno
553 1238 746 1302 exturbavit.
791 1238 855 1318 Qui
877 1261 953 1302 vero
977 1238 1039 1302 sibi
1061 1236 1362 1302 consentiebant⁰·**

252 1323 422 1403 asciscens
446 1321 660 1386 Gislebertum
683 1319 833 1386 videlicet
850 1321 1053 1406 Belgicorum
1076 1321 1201 1400 ducem,
1225 1321 1362 1387 Theode-

252 1407 355 1469 ricum
378 1427 504 1491 quoque
526 1415 559 1468 at
582 1426 622 1467 ue
643 1405 735 1467 Isaac
757 1407 888 1472 comites
899 1417 921 1486 ³,
944 1427 1019 1470 curn
1041 1406 1086 1469 eis
1102 1404 1274 1469 consilium
1297 1427 1362 1470 con-

252 1488 322 1570 fert,
345 1512 382 1553 ac
405 1511 463 1575 pro
485 1488 548 1553 fide
599 1487 724 1552 abenda
752 1490 972 1554 iusiurandum
1001 1490 1043 1554 ab
1071 1491 1117 1554 eis
1144 1489 1275 1587 accipit,
1297 1499 1363 1575 post

166 1619 169 1626 .
253 1572 332 1637 haec
354 1572 544 1636 Laudunum
565 1571 700 1636 rediens.
750 1573 872 1673 Ibique·
895 1574 1038 1638 eiusdem
1067 1574 1155 1638 urbis
1180 1595 1363 1660 episcopum

253 1654 435 1737 Rodulfum,
468 1655 657 1740 proditionis
690 1657 926 1723 evidentiss1me
958 1656 1185 1737 insimulatum,
1217 1655 1261 1720 ab
1292 1656 1364 1722 urhe

254 1739 342 1824 pellit
363 1761 500 1824 suosque
522 1738 614 1803 simul
638 1741 721 1805 eicit.
776 1742 920 1822 Quorum
943 1743 1038 1807 etiarn
1059 1764 1110 1806 res
1138 1742 1204 1805 suis
1228 1741 1364 1806 contulit.

550 1948 598 2011 18.
622 1945 698 2012 Otto
720 1945 907 2032 Belgicamd
930 1947 1084 2012 devastat.

339 2067 415 2133 Otto
437 2069 559 2133 interea
573 2066 722 2152 Belgicos
745 2069 945 2152 comperiens
966 2069 1051 2154 regis
1070 2077 1178 2153 partes
1194 2077 1367 2132 sustentare

257 2160 288 2215 et
308 2171 328 2213 a
349 2175 383 2216 se
404 2154 530 2237 penitus
559 2151 730 2231 defecisse,
760 2150 872 2215 Rheno
902 2152 1086 2216 transmisso
1110 2150 1300 2234 Belgicame
1328 2151 1368 2214 in-

256 2239 445 2383 gressusm,
467 2238 535 2302 eius
557 2235 629 2299 loca
658 2234 795 2321 plurima
822 2235 978 2300 incendiis
1000 2257 1038 2299 ac
1058 2235 1243 2320 ingentibus
1266 2232 1368 2363 predis

279 2323 430 2400 evastat†,
467 2343 505 2384 eo
543 2321 629 2405 quod
665 2342 706 2384 ex
742 2317 907 2383 collatione
937 2329 1071 2405 paterna
1103 2319 1215 2403 prince
1241 2343 1257 2384 s
1307 2317 1370 2383 fieri

254 2402 394 2489 Belgicis
414 2404 660 2489 dedignantibus
684 2403 895 2486 contenderet,
920 2425 992 2466 cum
1015 2403 1082 2466 eius
1104 2413 1197 2488 pater
1212 2342 1369 2468 §exoniae

256 2486 356 2551 solum
379 2498 532 2573 propter&
555 2487 743 2552 Sclavorum
765 2488 1001 2573 improbitatem
1028 2509 1087 2550 rex
1109 2497 1235 2552 creatus
1260 2489 1309 2568 sit,
1336 2507 1368 2550 eo

257 2571 343 2656 quod
364 2570 512 2652 Karolus,
537 2572 589 2633 cui
610 2593 716 2634 rerum
738 2592 863 2634 summa
884 2571 1068 2652 debebatur,
1098 2569 1204 2634 adhuc
1226 2572 1262 2635 in
1286 2570 1368 2635 cunis

255 2654 405 2737 vagiebat
414 2657 450 2697 ††·
459 2664 481 2718 ⁴.
532 2653 666 2717 Multam
702 2654 810 2741 itaque
845 2654 977 2740 predam
1013 2654 1189 2736 abducens,
1226 2654 1369 2720 Rhenum

255 2745 436 2802 transmeat.

330 2897 353 2965 *)
374 2902 535 2966 quicumque
555 2901 627 2951 illius
646 2901 805 2974 videbantur
824 2919 840 2952 a
861 2903 975 2968 Belgica
995 2908 1043 2954 ext.
1084 2900 1153 2954 Eae.

318 2989 354 3056 **)
375 2993 486 3043 consilio
507 2993 650 3044 Giselberti
677 2992 751 3044 ducis
771 2993 900 3058 Belgicae
920 2999 947 3044 et
966 2993 1126 3045 Theoderici
1152 2995 1260 3046 comitis
1286 3008 1369 3046 accra-

376 3072 464 3117 mento
484 3067 536 3117 sibi
555 3066 728 3131 astringebat.
768 3067 832 3118 Otto
851 3083 914 3118 vero
934 3067 1034 3132 Belgas
1055 3068 1222 3133 comperiens
1243 3083 1261 3117 a
1280 3083 1308 3119 se
1329 3065 1369 3116 de·

377 3139 473 3190 fecisse
493 3141 574 3190 etad
594 3139 768 3190 Ludewicum
788 3141 956 3201 conduxisse,
975 3140 1077 3192 Rheno.
1115 3139 1186 3192 Elele.

306 3227 355 3295 *“)
374 3231 405 3282 Β.
427 3246 486 3281 cum
507 3233 626 3282 exercitu
644 3231 801 3296 ingreditur.
839 3231 907 3284 aaa.

331 3319 355 3386 l)
377 3323 402 3373 d.
418 3322 558 3374 Nitebatur
578 3326 649 3374 enim
669 3325 725 3374 acsi
745 3339 777 3373 ex
796 3329 908 3390 paterna
927 3323 1071 3375 traditione
1090 3324 1216 3390 princeps
1235 3323 1296 3374 fieri
1313 3320 1370 3374 Bel·

376 3397 464 3461 gicae.
503 3396 537 3446 Id
557 3413 619 3447 vero
634 3397 780 3447 contraius
794 3412 875 3461 agere
889 3397 1127 3463 calumpniabatur,
1148 3412 1209 3447 cum
1224 3398 1283 3448 eius
1302 3401 1371 3464 pater

376 3476 484 3537 propter
503 3470 659 3520 Sclavorum
678 3470 875 3520 infestationem
895 3471 1027 3521 saxoniae
1045 3474 1158 3532 tentum,
1178 3485 1249 3536 quae
1263 3476 1371 3536 estpars

379 3543 547 3605 Germaniae,
568 3543 621 3592 dux
641 3544 798 3593 constitutus
817 3544 860 3594 sit.
897 3543 965 3594 aaa.

319 3629 358 3699 Ἠ)
379 3633 404 3684 d.
425 3638 488 3683 tunc
508 3649 533 3683 a.
552 3634 580 3682 in
601 3649 624 3682 c.
643 3635 755 3698 vagiret.
793 3633 861 3684 Elelr.

318 3774 713 3829 a)1rc‚ea‚at,rau,1rheaoa.'
758 3777 782 3831 b)
799 3768 965 3830 namqne'add.
984 3783 1004 3824 1.
1055 3779 1075 3832 c)
1092 3776 1203 3820 favebant
1219 3781 1239 3823 1.
1287 3777 1310 3830 d)
1327 3786 1372 3819 cam

261 3838 318 3878 abac.
380 3834 402 3887 e)
417 3836 528 3884 Belgicae
544 3837 596 3875 loca
612 3839 632 3875 1.
693 3836 768 3888 orex
785 3840 804 3881 1.
864 3838 887 3890 g)
904 3851 946 3891 pro
964 3842 984 3881 1.
1089 3854 1094 3861 <

336 3967 363 4032 1)
384 3968 458 4029 Quae
472 3973 626 4033 sequuntur,
647 3968 834 4032 Ekkehardus,
848 3972 929 4021 alium
943 3977 972 4022 ut
984 3972 1090 4022 videtur
1103 3977 1336 4038 textumsecutna,
1349 3972 1373 4020 in

263 4056 339 4092 suum
359 4055 435 4090 nsum
455 4042 597 4102 convertit3
624 4043 651 4090 in
672 4042 766 4093 codice
787 4043 848 4093 stilo
869 4046 994 4095 continno
1014 4050 1130 4108 exarata,
1160 4062 1213 4097 nec
1232 4052 1263 4098 ut
1282 4059 1374 4110 magna

264 4113 325 4162 libri
344 4113 423 4178 primi
442 4129 503 4179 pars
524 4115 681 4179 corrigendo
701 4116 807 4166 turbata
826 4123 895 4167 sunt.
971 4116 1000 4183 2)
1019 4118 1063 4169 Ita
1083 4119 1163 4169 etiam
1182 4120 1263 4171 Flod.
1278 4117 1373 4172 aaut.

264 4184 436 4250 Burgundios
457 4186 510 4237 dux
534 4187 705 4253 intelligitur3
728 4189 761 4239 cf.
775 4189 923 4252 Diimmler,
943 4192 1006 4242 Otto
1020 4193 1043 4242 1.
1062 4209 1088 4258 p.
1101 4190 1177 4243 8811.
1253 4191 1284 4258 3)
1303 4187 1374 4254 Quod

262 4257 341 4308 Flod.
361 4260 414 4308 iam
434 4265 494 4312 ante
515 4261 639 4310 narravit.
696 4262 724 4324 4)
744 4261 821 4325 Quod
841 4279 874 4313 ne
894 4279 953 4314 cum
973 4264 1015 4315 his
1035 4264 1144 4330 quidem
1163 4267 1294 4317 convenit
1311 4279 1373 4331 quae

264 4329 287 4393 I,
307 4331 332 4382 4.
356 4332 397 4383 14.
418 4331 460 4382 24.
481 4334 525 4384 39.
545 4333 644 4386 retulit.
