2820 4824
95 297 98 302 Ι
211 342 263 392 136
446 338 598 390 RIGHERI
618 337 870 390 HISTORIARUM
887 337 998 387 LIBER
1016 336 1085 388 1111.

151 532 202 576 aar.
210 505 366 604 implevit.
407 506 522 569 Portae
551 505 656 585 etiam,
677 525 718 567 ne
740 504 811 588 quis
832 503 1006 588 aufugeret,
1028 503 1216 568 custodibus
1238 504 1321 569 adhi-

211 589 287 655 bitrs
315 609 468 673 pervasae
495 595 576 650 sunt.
619 585 704 649 Alii*
726 587 832 672 itaque
853 584 1070 685 personabant
1090 585 1226 669 bucinis,
1249 586 1319 652 aliib

210 672 345 738 vocibus
358 671 544 751 fremebant,
559 669 614 732 alii
627 691 788 733 armorum
803 680 908 734 sonitu
921 669 1205 734 tumultuabantur.
1230 670 1321 735 Unde

213 756 300 820 cives
321 755 431 836 territi,
453 763 563 838 utpote
585 754 640 837 qui
661 751 851 837 ignorabant
865 751 942 838 quid
956 762 1048 833 esset,
1070 752 1159 817 etde
1176 753 1320 818 domibus

211 836 406 918 ebullientes,
438 837 584 921 profugio
614 858 648 899 se
677 837 799 921 eripere
829 835 1036 900 conabantur.
1091 836 1240 917 Quorum
1271 837 1321 901 alii

212 920 436 986 aecclesiarum
460 920 590 984 secretis
612 941 646 982 se
669 918 877 1000 occultabant,
900 917 954 982 alii
976 918 1112 983 diversis
1127 919 1269 985 latibulis
1290 943 1319 985 se

212 1003 415 1085 claudebant;
430 1001 483 1066 alii
498 1024 573 1066 vero
589 1001 671 1066 saltu
686 1024 719 1066 se
735 1002 774 1066 de
789 1004 888 1065 muris
902 1001 1149 1087 precipitabant.
1180 1004 1319 1084 Quorum

211 1110 292 1151 unus
313 1089 421 1172 episco
446 1097 511 1167 us0,
534 1106 608 1148 cum
629 1108 687 1171 per
709 1084 843 1150 declivia
864 1086 979 1148 montis
1000 1087 1065 1148 iam
1087 1085 1216 1170 elapsus
1237 1097 1270 1151 et
1290 1087 1320 1149 in

211 1172 312 1236 vineis
334 1171 374 1234 ab
397 1108 654 1234 observatoribus
676 1176 820 1252 repertus
842 1178 934 1250 esset,
956 1167 1076 1232 Karolo
1096 1168 1257 1234 deductus
1278 1179 1323 1233 est

211 1263 243 1317 et
264 1253 305 1317 ab
328 1274 365 1317 co
388 1273 515 1316 carcere
537 1251 692 1315 detrusus.
734 1251 882 1314 Emmam
906 1273 1033 1336 quoque
1053 1253 1211 1350 reginam,
1237 1253 1321 1316 cuius

210 1338 364 1400 instinctu
385 1358 455 1400 sese
476 1359 511 1399 re
535 1335 639 1398 ulsum
661 1356 681 1397 a
701 1333 796 1398 fratre
814 1333 1035 1414 arbitrabatur,
1057 1334 1104 1398 ib1
1118 1336 1322 1421 comprehen-

211 1421 257 1484 dit
284 1421 375 1504 eique
405 1427 494 1483 custo
518 1441 552 1481 es
579 1417 733 1482 adhibuit.
787 1416 955 1502 Reliquam
984 1419 1080 1482 etiam
1102 1417 1194 1482 urbis
1216 1419 1321 1484 nobili·

210 1511 307 1566 tatem
328 1525 410 1601 pene
431 1509 530 1566 totam
556 1502 703 1598 pervasit.
755 1500 834 1586 (17.)
877 1502 1051 1586 Postquam
1073 1500 1193 1566 sedatis
1215 1500 1322 1565 tumul-

212 1585 297 1649 tibus
312 1587 425 1650 orvitas
440 1581 611 1729 tranquilla
625 1583 750 1647 reddita
765 1592 822 1666 est,
836 1582 975 1646 Karolus
990 1583 1030 1646 de
1044 1585 1134 1648 urbis
1149 1586 1322 1649 munitione

212 1678 244 1732 et
264 1667 399 1732 militum
421 1669 509 1764 victu
546 1665 696 1731 eliberare
711 1674 806 1765 atque
821 1667 966 1765 ordinare
980 1668 1095 1764 coepit,
1128 1667 1323 1766 Deputavit‘l

213 1749 960 1918 {liiit‘leirilllgsslhlo‘iiaqlhlliiill?
982 1748 1323 1900 itttltifitii.

212 1925 278 1981 toto
306 1937 390 2001 pago
417 1916 670 1980 Veromandensi
700 1916 815 1981 advehi
846 1918 947 1980 iussit.
1000 1917 1044 1980 Et
1071 1917 1117 1980 sic
1150 1919 1265 1983 urbem
1285 1919 1321 1982 ad

212 1999 425 2064 resistendum
445 2000 590 2067 munivit.
628 2001 710 2064 Nam
731 2001 853 2082 turrim,
876 2022 958 2085 quae
979 1998 1084 2063 adhuc
1104 2003 1206 2065 muris
1228 2001 1323 2066 humi-

213 2083 296 2148 libus
316 2082 489 2168 perstabat,
510 2084 617 2168 pinnis
639 2084 850 2148 eminentibus
865 2085 1023 2148 exstruxit
1043 2083 1204 2170 fossisque
1219 2096 1322 2171 paten-

212 2166 297 2231 tibus
320 2168 569 2265 circumquaque
589 2166 728 2232 vallavit.
760 2165 924 2230 Machinas
939 2168 1035 2231 etiam
1049 2165 1198 2232 hostibus
1213 2170 1323 2233 effecit.

213 2251 345 2314 Necnon
374 2261 406 2315 et
435 2249 541 2335 hgna⁰
570 2250 794 2332 advectantur,
822 2250 977 2314 machinis
1004 2250 1179 2315 educendis
1202 2251 1323 2316 idonea.

213 2332 296 2398 Valli
313 2355 439 2420 quoque
454 2343 653 2397 exacuuntur
660 2333 677 2415 f,
700 2343 864 2416 cratesque
885 2341 1105 2398 contexuntur.
1138 2335 1209 2399 Nec
1223 2337 1323 2399 minus

213 2417 294 2482 fabri
316 2418 550 2497 accersiuntur,
580 2417 635 2502 qui
660 2415 793 2480 missilia
814 2417 969 2480 fabricent
990 2438 1027 2479 ac
1050 2438 1198 2504 quaeque
1220 2441 1322 2484 neces·

91 2500 202 2546 ¹¹⁰¹·44‘·
213 2501 297 2563 saria
317 2499 400 2564 ferro
422 2501 606 2563 instaurent.
638 2498 705 2562 Nee
721 2498 849 2563 defuere
865 2500 920 2584 qui
934 2509 1022 2563 tanta
1037 2500 1223 2566 subtilitatis
1238 2507 1323 2566 *arte

212 2582 342 2647 balistas
376 2585 537 2664 emittant,
566 2591 601 2644 ut
630 2581 818 2666 apothecam
848 2584 881 2645 in
908 2593 995 2647 recta
1023 2581 1178 2648 diametro
1207 2585 1322 2671 duplici

212 2664 366 2728 foramine
387 2674 548 2749 patentem
570 2673 656 2728 certo
678 2667 764 2729 iactu
783 2667 945 2748 traiciant3
967 2688 1041 2730 aves
1063 2689 1192 2815 quoque
1206 2669 1242 2732 in
1255 2689 1324 2733 aere

212 2746 356 2812 volantes
377 2747 554 2810 indubitato
576 2750 643 2810 ictu
665 2748 854 2833 impeterent
878 2749 1112 2835 transfixasque
1159 2775 1177 2816 e
1199 2752 1323 2818 sublimi

211 2830 448 2914 precipitarent.

425 2947 472 3011 18.
516 2948 681 3031 Impetus&
703 2949 851 3034 Hugonis
873 2954 928 3015 ing
948 2950 1114 3015 Karolum.

298 3048 388 3127 Quae
418 3047 495 3111 dum
522 3056 661 3132 aguntur
689 3064 823 3134 regum¹
853 3051 983 3116 auribus
1006 3051 1111 3116 delata
1134 3065 1219 3119 sunt.
1263 3055 1322 3136 Qui

212 3128 487 3195 vehementissime
509 3133 596 3213 moti,
619 3143 810 3197 nontamen
832 3135 980 3232 precipiti
994 3135 1126 3220 impetu,
1150 3137 1219 3220 sed,
1241 3140 1321 3202 utin

213 3213 359 3278 omnibus
389 3213 547 3295 solebant,
577 3237 674 3299 super
698 3215 760 3280 hoc
785 3215 1025 3301 dihgentrssime
1055 3219 1322 3286 consultaverunt.

211 3297 393 3384 Utcumque
415 3298 510 3362 etiam
533 3297 637 3362 cordis
652 3298 793 3363 dolorem
808 3300 1057 3366 dissimulabant.
1093 3302 1237 3388 Legatos
1273 3326 1322 3368 ua-

213 3403 404 3529 quaversum
427 3380 577 3464 dirigunt.
617 3381 737 3464 Gallos,
759 3404 839 3480 quos
860 3384 935 3447 hinc
949 3385 1105 3466 Matrona,
1126 3386 1204 3451 inde
1227 3327 1324 3451 aiduh

245 3485 374 3548 arunna,
397 3472 507 3528 contra
528 3465 688 3528 tirannum
708 3467 854 3534 invrtant.
888 3467 1013 3547 Quibus
1034 3469 1068 3531 in
1090 3490 1194 3533 unum
1210 3471 1324 3534 coactis

212 3549 308 3610 cumh
323 3549 500 3612 exercitum
515 3545 723 3630 collegissent,
740 3547 965 3632 deliberabant,
986 3572 1028 3612 an
1045 3551 1160 3616 urbem
1182 3553 1322 3639 aggressi

211 3639 442 3714 expugnarent,
463 3639 634 3715 antequam
655 3629 697 3694 ab
719 3631 861 3696 hostibus
883 3633 1091 3718 amplioribus
1106 3637 1210 3721 copiis
1225 3636 1322 3701 muni-

211 3721 308 3792 retur,
338 3723 369 3776 et
398 3722 582 3796 expugnata
611 3714 772 3776 tirannum
802 3714 1016 3799 confoderent,
1046 3738 1083 3781 eo
1113 3719 1213 3804 quod,
1243 3721 1270 3784 si
1296 3719 1321 3782 is

213 3792 408 3857 solummodo
431 3806 543 3880 captus
564 3805 620 3859 aut
642 3797 764 3860 occisus
782 3795 871 3879 foret,
893 3820 970 3862 mox
983 3821 1052 3864 sese
1066 3822 1205 3886 regnum
1221 3804 1323 3889 quiete

271 3946 294 3997 a)
310 3949 510 4000 Personantesque
527 3956 547 3992 1.
616 3953 640 4007 b)
656 3967 676 3998 a.
692 3968 714 3999 v.
729 3957 801 3998 treme
817 3959 840 3997 ia
856 3959 901 3997 ioco
916 3971 975 4001 raro.
1043 3958 1064 4012 c)
1080 3972 1104 4003 u.
1119 3973 1173 4003 curn
1190 3963 1321 4015 ausetani·

213 4003 236 4055 d)
252 4005 362 4054 Deputati
383 4017 437 4056 ergo
460 4015 512 4050 sunt
531 4022 553 4051 v.
573 4014 724 4062 quingenteni
745 4017 766 4057 1.
856 4014 878 4068 c)
893 4018 1001 4058 millenae
1020 4020 1097 4061 trabes
1113 4048 1119 4061 .
1137 4049 1144 4062 .
1161 4049 1167 4062 .
1184 4023 1282 4064 idoneae
1303 4023 1323 4061 1.

212 4059 230 4111 i)
246 4072 297 4102 exe.
314 4074 333 4103 c.
351 4075 371 4105 e.
387 4066 411 4104 ia
426 4066 472 4106 loco
488 4079 547 4107 raro.
607 4070 630 4121 g)
647 4073 665 4126 Ι,
681 4075 706 4113 in
721 4074 777 4113 abac.
837 4071 861 4126 h)
875 4080 925 4123 pori
941 4077 991 4118 aaa.

288 4192 315 4257 1)
335 4195 376 4246 Ob
395 4195 446 4246 hor
469 4198 628 4251 vocabulum
648 4217 690 4254 res
715 4203 760 4253 hic
784 4208 903 4257 narratas
928 4212 990 4272 post
1014 4209 1137 4261 Rotberti
1164 4212 1322 4264 electionem

212 4264 349 4328 ponendas
369 4282 435 4331 esse,
454 4284 506 4320 non
526 4271 692 4325 crediderim.
