2820 4824
197 390 248 440 116
450 387 603 438 RICHERI
622 384 876 437 HISTORIARUM
898 385 1010 436 LIBER
1028 385 1083 438 III.

468 552 518 617 82.
563 552 693 617 Oratioa
716 552 825 616 (10010ει
847 551 934 636 apud
957 574 1041 616 suos.

135 683 185 724 aar.
279 655 405 739 Quibus
428 677 533 718 coram
556 654 602 717 sic
623 677 713 718 orsus
736 655 835 740 cepit:
859 653 940 717 ‘Non
955 665 1063 739 preter
1077 654 1218 718 fructum
1232 655 1305 720 utilis

195 753 227 808 et
247 741 372 807 honesti
395 738 562 803 consilium
584 760 603 801 a
624 738 726 803 doctis
748 738 917 821 expetitur.
963 737 1088 818 Quibus
1111 736 1188 802 solis
1212 749 1243 803 et
1262 739 1306 803 de-

196 836 303 891 center
324 823 495 903 acceditur,
518 831 549 885 et
570 821 610 885 ab
633 823 700 885 eisb
722 820 887 886 fluctuanti
909 822 954 886 rei
982 821 1106 885 consilii
1134 824 1217 887 ratio
1243 845 1304 908 ape·

194 914 283 975 ritur.
326 908 412 972 Vosc
434 907 466 969 in
490 904 683 969 consulendo
706 905 842 969 arbitror
863 904 1025 987 idoneos*,
1048 927 1124 969 cum
1146 906 1188 971 ab
1210 908 1304 970 animo

195 1017 261 1058 non
283 991 435 1072 discedat,
464 998 582 1075 quanta
602 990 720 1054 virtute
743 999 774 1052 et
799 989 927 1073 ingenio
956 990 1055 1054 vestri
1086 1012 1303 1075 saepenumero

196 1077 386 1142 adversariis
422 1073 638 1158 prenituerim.
698 1070 866 1158 Cumqued
898 1095 956 1136 vos
988 1072 1068 1136 mihi
1100 1075 1249 1139 manibus
1280 1085 1304 1138 et

196 1167 394 1226 sacramento
424 1157 583 1237 addictos,
610 1155 706 1219 fidem
729 1178 856 1242 quoque
888 1155 1106 1221 inviolabilem
1136 1168 1303 1223 servaturos

82 1256 119 1311 ‘a
135 1249 299 1309 ‘wnone
332 1241 475 1306 dubitem
484 1253 506 1321 θ,
540 1237 756 1303 indubitanter
788 1261 808 1302 a
840 1239 988 1306 fidelibus
1022 1240 1194 1305 consilium
1229 1253 1301 1327 pet0.

196 1328 340 1409 Quodsi
362 1325 441 1389 mihi
471 1323 665 1403 conceditur,
695 1345 752 1386 vos
775 1324 871 1388 etiam
892 1325 1137 1409 participabitis.
1191 1324 1226 1390 si
1250 1347 1302 1389 non

196 1412 385 1496 suggeritur,
400 1408 481 1472 forte
496 1429 560 1470 non
575 1405 677 1470 aberit
692 1405 905 1491 dispendium,
923 1409 974 1471 cui
988 1408 1157 1472 indecores
1172 1431 1302 1472 succum·

195 1497 287 1561 batis.
331 1495 419 1579 Ergo
465 1491 518 1554 uia
539 1512 598 1575 pro
620 1491 688 1553 vita
709 1491 823 1575 agitur,
855 1489 1020 1555 consilium
1041 1492 1120 1556 utile
1143 1491 1303 1557 liberaliter

196 1579 385 1664 expromite.
459 1597 500 1638 on
529 1574 613 1639 enim
635 1595 692 1637 vos
715 1572 800 1654 latet,
829 1584 947 1661 quanta
968 1575 1144 1640 subtilitate
1167 1576 1232 1641 doli
1254 1576 1303 1640 Lo-

195 1663 316 1728 tbarius
345 1683 403 1724 rex
430 1660 593 1722 incautum
619 1680 670 1720 me
696 1657 849 1740 fefellerit,
877 1680 949 1722 cum
976 1658 1098 1746 absque
1129 1683 1182 1725 me
1206 1661 1303 1726 Ottoni

196 1743 393 1809 reconciliari
413 1741 549 1806 voluerit
562 1740 745 1827 feceritque.
777 1741 838 1808 Oui
853 1765 873 1806 a
883 1742 893 1784 f
905 1753 1010 1807 mente
1024 1744 1155 1828 penitus
1170 1745 1302 1824 excessit,

196 1850 294 1915 quam
314 1824 438 1891 liberali
459 1825 564 1889 animo
586 1833 739 1911 quantum
761 1825 938 1911 periculum
954 1849 1126 1912 aggressus
1149 1829 1221 1909 sim,
1243 1850 1303 1891 curn

196 1934 255 1996 per
276 1933 327 1974 me
348 1909 472 1973 hostem
493 1930 596 1993 nuper
616 1907 782 1994 fugaverit,
807 1908 968 1993 Belgicam
993 1932 1120 1997 quoque
1136 1913 1199 1974 insi
1243 1913 1302 1976 ibus

196 1993 328 2060 sublatis
359 1992 527 2057 hostilibus
561 1992 782 2057 subarraverit.
842 1993 929 2074 Quid
962 2015 1039 2078 ergo
1079 1996 1151 2080 spei
1183 1935 1302 2061 olibrius

196 2088 373 2164 expectem,
401 2100 474 2140 cum
497 2074 568 2139 dolo
591 2076 687 2140 fidem
709 2074 905 2162 abruperit'?

277 2198 327 2266 83.
370 2196 570 2261 Declamatio
579 2207 602 2278 ἔ,
626 2209 712 2281 quat
734 2198 783 2260 usi
806 2206 878 2261 sunt
899 2197 985 2283 apud
1006 2196 1144 2264 ducem&
1166 2201 1226 2263 sui.

280 2306 334 2371 Ad
366 2306 446 2370 haec
477 2307 664 2453 primatesl:
697 2306 779 2369 ‘Non
811 2305 913 2370 solum
942 2306 1108 2390 novimus’,
1142 2309 1303 2408 inquiunti,

197 2392 356 2477 ‘quantisl
372 2391 482 2476 pericu
495 2392 521 2453 is
532 2389 699 2453 nobiscum
709 2412 767 2474 pro
782 2389 932 2454 Lothario
946 2413 1021 2475 rege
1037 2403 1137 2476 caput
1152 2392 1303 2473 obrecens‚

196 2478 468 2559 verum‘quoque,
492 2483 611 2560 quanto
634 2472 817 2537 discrimine
840 2472 996 2538 claritudo
1011 2484 1066 2539 tua
1081 2475 1190 2539 adbuc
1204 2489 1303 2562 patens

198 2561 247 2639 sit,
270 2559 307 2639 si,
328 2567 365 2621 ut
385 2557 470 2620 fama
492 2566 548 2638 est,
571 2556 634 2620 duo
656 2579 747 2641 reges
763 2567 873 2622 contra
888 2568 918 2623 te
934 2559 1198 2642 conspiraverint.
1233 2561 1304 2624 Nan

198 2642 225 2704 si
247 2650 356 2704 contra
378 2639 525 2704 alterum¹
548 2642 724 2705 exercitum
746 2662 804 2725 pro
824 2641 1006 2706 defensione
1026 2641 1182 2726 moliaris,
1205 2644 1304 2708 ambos

198 2733 309 2787 contra
329 2733 360 2787 te
382 2745 459 2786 mox
481 2734 563 2788 stare
584 2725 737 2788 invenies.
775 2723 810 2788 Si
833 2735 942 2789 contra
963 2725 1075 2790 ambos
1097 2729 1188 2791 nisus
1209 2728 1304 2808 fueris,

197 2807 335 2891 plurima
356 2806 559 2870 incommoda
579 2808 738 2872 incurrere
767 2829 896 2874 necesse
918 2818 974 2890 est,
1003 2811 1183 2895 equitatum
1206 2809 1303 2876 intole-

128 2894 131 2899 ’
196 2887 340 2970 rabilem,
363 2888 494 2953 insidias
516 2889 714 2976 multiplices
737 2893 882 2958 incendia
896 2902 991 2978 atque
1005 2895 1145 2978 rapinas,
1170 2905 1212 2978 et,
1231 2893 1304 2982 qnod

195 2974 373 3059 pessimum
395 2981 450 3054 est,
476 2973 612 3038 nefarios
637 2975 728 3038 infidi
748 2975 837 3060 vulgi
859 2999 1010 3059 rumores,
1038 2979 1184 3063 quinon
1207 2988 1305 3044 contra

196 3056 395 3120 adversarios
416 3078 473 3120 nos
503 3080 652 3122 exercere
675 3058 891 3124 defensionem
912 3060 1069 3147 loquetur,
1097 3070 1131 3126 at
1158 3064 1195 3126 in
1216 3060 1304 3128 rebel-

195 3138 280 3204 lione
307 3151 416 3205 contra
441 3164 549 3226 regem
576 3143 759 3206 temerarios
788 3155 884 3230 atque
913 3146 1057 3229 periuros
1084 3154 1170 3211 stare
1197 3147 1304 3212 calum-

196 3223 343 3291 niabitur.
381 3225 435 3289 Sic
458 3226 581 3290 etiamm
603 3225 643 3289 ad
667 3248 883 3313 quoscumque
899 3228 1052 3293 accedere
1066 3250 1163 3314 posse
1179 3231 1304 3295 mencie-

195 3318 256 3392 tur,
278 3319 314 3374 ut
335 3310 403 3373 sine
418 3307 543 3391 delicto,
559 3311 626 3373 sine
640 3309 770 3394 periurii
790 3311 955 3396 sacrilegio
976 3333 996 3374 a
1010 3311 1149 3377 dominis
1163 3314 1306 3378 recedant

196 3402 227 3456 et
249 3402 358 3457 contra
378 3391 448 3456 illos
470 3403 656 3478 arroganter
683 3395 823 3458 cervices
851 3395 1001 3459 attollant.
1045 3396 1152 3460 Huius
1179 3395 1305 3485 periculi

195 3487 373 3542 extremum
389 3488 421 3542 et
434 3477 510 3542 utile
526 3476 692 3542 consilium
706 3477 799 3541 nobis
814 3479 948 3561 videtur,
969 3487 1013 3560 ut,
1033 3500 1106 3542 cum
1123 3481 1188 3546 duo
1205 3491 1305 3546 contra

194 3583 252 3624 nos
282 3564 440 3626 coniuncti
470 3564 547 3642 sint,
580 3560 670 3625 alteri
701 3560 834 3624 alterum
868 3561 1101 3627 subtrahamus,
1157 3565 1255 3647 Quod
1283 3564 1304 3627 si

194 3642 284 3708 alteri
305 3643 384 3708 alter
401 3645 544 3708 subtrahi
558 3645 678 3731 nequit,
701 3643 812 3709 saltem
827 3647 861 3708 in
876 3647 1076 3709 amiciciamn
1090 3648 1188 3713 nobis
1204 3669 1304 3714 eorum

193 3724 326 3790 alterum
348 3727 574 3810 devinciamus,
596 3739 632 3793 ut
652 3725 731 3791 alter
751 3727 845 3793 nobis
866 3729 1013 3793 addictus
1035 3730 1126 3795 alteri
1145 3734 1231 3798 vires
1248 3753 1305 3796 000

267 3902 291 3969 *)
312 3920 377 3968 quos
398 3910 424 3954 01
443 3906 578 3968 ingenium
600 3909 736 3971 cogitandi
755 3914 782 3959 et
802 3911 870 3961 ratio
893 3909 1002 3960 dicendi
1027 3911 1148 3962 reddidit
1176 3913 1303 3964 clariores.

313 3978 384 4038 Quos
395 3993 447 4026 non
459 3977 549 4028 dubito
564 3978 596 4028 de
610 3983 723 4045 pernitie
734 3983 862 4033 bonorum
874 3983 972 4046 dolere,
986 3985 1082 4047 quibus
1097 3987 1203 4052 ingenti
1216 3989 1303 4038 virtute

312 4051 476 4115 propositum
496 4051 530 4100 sit
549 4052 675 4118 improbis
695 4054 847 4121 displicere.
886 4057 922 4107 Et
943 4057 1005 4107 add.
1026 4058 1050 4105 1.

252 4171 275 4224 a)
293 4174 320 4226 0,
342 4176 355 4214 d
375 4176 431 4215 abac.
522 4174 545 4227 b)
567 4180 588 4218 01
610 4192 667 4220 corr.
691 4182 732 4222 eis.
824 4181 881 4232 c)V
909 4194 964 4232 ergo
981 4185 1000 4222 1.
1094 4183 1118 4236 d)
1135 4187 1183 4228 Vos
1200 4189 1268 4230 etiam
1288 4188 1304 4228 1.

193 4230 216 4285 0)
229 4237 279 4283 post
294 4234 344 4276 add.
412 4234 604 4286 0000011001,
667 4237 690 4291 g)
706 4241 735 4293 D,
751 4252 788 4292 qu,
806 4242 819 4281 d
835 4242 891 4281 abac.
958 4241 981 4292 h)
998 4242 1048 4281 Hoc
1065 4247 1235 4294 conquestione
1250 4247 1303 4296 prin·

192 4293 256 4341 cipes
271 4296 377 4344 suscepta
394 4295 414 4335 1.
476 4292 493 4346 1)
509 4297 545 4335 vir
560 4297 655 4338 illustris
671 4299 720 4341 add.
739 4301 758 4342 1.
818 4297 843 4350 k)
861 4303 946 4348 quanto
961 4301 1065 4350 periculo
1084 4304 1104 4342 1.
1167 4303 1186 4357 1)
1203 4317 1272 4346 unum
1286 4305 1303 4343 l.

192 4348 224 4402 m)
242 4361 333 4402 quoquc
349 4353 378 4394 ed
393 4365 580 4404 unumquemque
596 4358 616 4398 1.
678 4356 702 4410 n)
718 4368 737 4397 a.
755 4362 857 4399 nostrum
874 4360 893 4398 1.
