2820 4824
199 373 233 423 68
454 369 607 421 RICHERI
625 367 876 421 HISTORIARUM
895 369 1005 419 LIBER
1024 368 1062 418 11.

148 566 191 608 oso
199 548 344 620 mortem,
370 541 404 602 ni
431 537 517 623 quod
538 535 648 601 volunt
669 534 794 617 efficiat,
822 536 1072 616 interminantur,
1100 544 1136 598 ut
1165 534 1311 602 videlicet

198 646 298 689 noves
321 620 431 686 solvat.
475 621 634 684 Pervasus
656 641 731 704 ergo
754 640 792 683 ac
813 621 949 700 territuS,
971 641 1070 684 noves
1092 617 1198 684 solvit
1233 619 1309 684 Gon-

199 708 333 792 silicque
355 707 443 788 inito,
473 706 615 769 vinctum
643 705 718 768 navi
740 705 902 784 conitiunt,
932 725 970 766 ac
991 725 1088 767 naves
1111 702 1232 788 singuli
1254 706 1309 768 sin-

198 790 289 877 gulas
311 790 353 855 ad
374 789 447 854 litus
471 788 640 853 deducunt.
682 787 795 851 Eiecto
811 808 887 850 vero
906 785 1031 873 hospite
1045 788 1184 869 vinctor,
1207 791 1309 853 navim

198 897 296 939 uuam
318 895 427 938 omnes
456 874 592 957 ingressi
626 870 704 935 alias
736 880 883 956 repetunt
908 892 946 935 ae
974 893 1089 935 novem
1117 872 1236 935 iterum
1264 871 1309 938 de

199 959 328 1023 ducunt.
381 957 553 1043 Octiesque
581 920 713 1019 fiuvium
735 957 881 1038 remensi,
904 978 1001 1020 naves
1029 976 1163 1019 numero
1193 957 1233 1019 72
1262 957 1309 1020 ab·

199 1043 367 1107 duxeruut.

283 1125 333 1190 58.
367 1126 455 1189 Dum
477 1123 556 1188 haec
577 1133 769 1208 gererentur,
792 1146 904 1208 regum
927 1125 1085 1188 exercitus
1108 1124 1143 1186 in
1165 1125 1239 1210 ipsa
1253 1125 1309 1190 diei

201 1211 329 1275 orientis
363 1231 478 1273 aurora
512 1208 609 1272 fluvio
638 1207 728 1271 affuit
759 1229 920 1293 navesque
953 1217 1081 1306 paratas
1115 1229 1191 1271 curn
1220 1211 1309 1274 remis

199 1295 328 1375 invenit,
358 1315 438 1379 quas
466 1294 584 1356 tirones
606 1314 679 1354 cum
706 1293 804 1355 armis
830 1292 974 1376 ingressi,
1003 1293 1158 1375 navigant
1181 1315 1220 1355 ac
1242 1316 1308 1358 exa·

222 1389 347 1443 uantur.
396 1377 481 1439 Tum
507 1378 756 1460 circumquaque
781 1375 934 1462 palantes,
960 1375 1046 1439 nullo
1076 1375 1308 1461 prohibentes

225 1463 335 1526 ‘versis
357 1460 502 1545 portibus
523 1459 602 1523 alias
616 1461 744 1543 rapiunt
766 1468 797 1522 et
815 1459 1006 1525 exercitibus
1022 1459 1195 1524 deducunt.
1233 1461 1308 1526 Nam

201 1547 257 1632 qui
277 1546 344 1609 ruri
365 1543 533 1628 degebant,
555 1544 742 1606 irruentium
762 1552 849 1608 metu
863 1565 973 1607 omnes
988 1544 1201 1628 auffugerant.
1238 1546 1309 1609 Dux

200 1651 276 1694 vero
308 1624 488 1692 Aurelianis
521 1648 589 1691 sese
621 1636 792 1713 receperat.
847 1626 940 1692 Unde
976 1636 1008 1692 et
1044 1630 1099 1713 qui
1131 1630 1308 1694 resistereth

200 1714 321 1777 aberat.
363 1710 507 1775 Navibus
528 1713 635 1796 itaque
658 1713 788 1775 conexis
810 1734 848 1775 ac
869 1710 968 1775 multo
990 1711 1104 1775 robore
1126 1715 1308 1799 compactis,

201 1796 343 1860 liburnas
365 1794 510 1859 solidant.
554 1795 642 1876 Quas
663 1797 824 1894 ingressus
847 1797 1014 1877 exercitus,
1038 1795 1174 1859 fluvium
1193 1799 1307 1862 transit.

201 1881 288 1944 Dein
310 1890 393 1944 terra
417 1880 547 1965 recepti,
575 1879 731 1943 incendus
757 1879 928 1966 predisque
950 1879 1195 1945 vehementibus
1216 1891 1310 1947 totam

200 1965 364 2050 regionem
385 1986 485 2050 usque
500 1963 640 2048 Ligerim
663 1962 846 2050 depopulati
868 1975 949 2028 suut.
982 1965 1059 2028 Post
1072 1966 1154 2028 haec
1172 1965 1310 2030 feruntur

201 2051 235 2112 in
256 2057 373 2113 terram
395 2058 581 2134 pyratarum
609 2069 647 2111 ac
675 2048 834 2112 solotenus
863 2047 1038 2112 devastant.
1083 2048 1205 2134 Sicque
1231 2050 1309 2136 regis

201 2133 350 2196 iniuriam
380 2133 529 2196 atrociter
555 2130 621 2214 ulti,
654 2133 713 2196 iter
741 2132 783 2196 ad
812 2154 870 2195 sua
895 2141 1085 2217 retorquent.
1130 2133 1309 2199 Ludovicus

201 2238 275 2282 vero
296 2240 355 2281 rex
372 2217 490 2280 Remos
511 2215 602 2280 redit.

236 2337 286 2402 59.
321 2337 465 2418 Qualiter
486 2336 646 2400 Deroldus
668 2359 688 2399 a
710 2335 870 2421 quodamc
891 2337 1014 2400 medico
1037 2338 1214 2423 deceptus⁶
1237 2341 1277 2404 sit

588 2442 724 2506 eumque
747 2418 935 2504 deceperit0.

284 2524 356 2602 Quo
389 2534 533 2606 tempore
568 2522 834 2586 Ambianensium
871 2525 1040 2621 episcopus
1076 2523 1241 2589 Deroldus
1272 2524 1308 2589 ab

199 2607 258 2670 hac
278 2608 345 2669 vita
366 2605 534 2686 decessit¹,
560 2606 610 2668 vir
631 2604 812 2691 spectabilis
838 2627 876 2668 ac
897 2605 1054 2692 palatmus
1077 2617 1108 2670 et
1131 2610 1308 2694 quondam⁸

200 2699 231 2753 et
257 2690 326 2773 regi
354 2686 529 2751 admodum
558 2687 701 2763 dilectus,
729 2689 764 2750 in
792 2698 859 2752 arte
886 2690 1062 2754 medicinae
1088 2696 1306 2790 peritissimus.

77 2772 250 2846 ·s01,241,De
273 2793 335 2857 quo
357 2772 454 2834 etiam
474 2771 582 2853 fertur,
605 2770 700 2856 quod,
724 2793 796 2834 cum
818 2773 922 2838 adhuc
944 2776 976 2837 in
999 2773 1118 2860 palatro
1141 2780 1233 2863 *regi
1251 2801 1306 2842 ser-

198 2856 295 2937 viret,
324 2877 344 2918 a
373 2853 512 2940 quodam
542 2853 739 2920 Salernitano
768 2857 891 2922 medico
923 2858 1075 2944 deceptus
1109 2862 1150 2924 sit
1176 2884 1306 2948 eumque

199 2939 369 3024 deceperit.
412 2938 540 3002 Etenim
569 2960 642 3002 cum
669 2949 801 3025 uterque
828 2943 862 3004 in
891 2951 957 3007 arte
986 2942 1164 3009 medicinae
1192 2949 1306 3032 optime

197 3031 315 3108 posset,
345 3030 376 3086 et
403 3023 463 3087 iste
485 3024 553 3108 regi
574 3024 689 3109 potior,
719 3023 937 3090 salernitanus
958 3049 1034 3092 vero
1056 3031 1208 3112 reginae*
1230 3031 1306 3116 peri·

197 3107 259 3172 tior
286 3105 459 3188 videretur,
489 3117 669 3172 commento
696 3110 780 3194 regis
808 3119 970 3196 repertum
1003 3120 1060 3193 est,
1095 3113 1166 3198 quis
1201 3136 1305 3180 eorum

197 3191 325 3255 rerumd
351 3200 480 3256 naturas
507 3194 609 3292 magis
639 3193 826 3260 dinosceret.
870 3195 969 3260 Iussit
997 3196 1115 3260 etenim
1145 3218 1255 3262 coram
1275 3221 1305 3263 se

196 3273 267 3340 illos
289 3274 461 3341 consedere
483 3297 645 3360 conv1vas,
679 3299 808 3342 causam
830 3279 877 3342 rei
898 3280 1024 3364 penitus
1046 3279 1252 3347 dissimulans
1272 3303 1305 3346 ac

197 3383 230 3424 se
256 3382 273 3424 e
294 3362 340 3424 eis
362 3361 542 3447 questiones
563 3383 754 3447 proponens.
797 3362 878 3442 Quis
901 3385 942 3428 ue
956 3371 992 3426 ut
1005 3372 1131 3449 poterat
1144 3367 1305 3464 proposita

197 3382 350 3510 solvebat.
392 3444 574 3509 Deroldus⁰
597 3445 736 3530 quidem,
768 3455 878 3531 utpote
913 3447 1075 3512 ‘tterarum
1096 3451 1220 3516 artibus
1242 3473 1304 3516 ern-

197 3527 290 3612 ditus,
312 3527 518 3614 probabiliter
533 3528 657 3592 obiecta
671 3529 856 3594 diffiniebat.
880 3529 1097 3596 Salemitanus
1112 3556 1200 3618 vero,
1215 3535 1305 3600 licet*

196 3613 284 3676 nulla
303 3614 479 3676 litterarum
501 3613 634 3676 scientia
654 3613 805 3696 preditus,
832 3623 940 3678 tamen
961 3637 1003 3679 ex
1023 3617 1154 3700 ingenio
1177 3629 1305 3684 naturae

197 3695 329 3760 multam
350 3697 383 3758 in
405 3695 501 3758 rebus
523 3697 753 3780 experientiam
774 3697 921 3763 habebat.
965 3699 1065 3784 Regio
1088 3703 1199 3789 itaque
1220 3705 1304 3768 iussu

197 3779 314 3843 cotidie
340 3777 515 3858 consident,
545 3799 582 3840 ac
609 3799 720 3843 mensa
747 3783 836 3866 regia
865 3783 1012 3847 continue
1041 3807 1106 3848 una
1134 3789 1304 3872 potiuntur.

197 3861 240 3926 Et
261 3861 312 3926 die
335 3861 474 3946 quadam
496 3861 535 3925 de
557 3862 802 3928 dinamidiarum
824 3865 1009 3931 differentiis
1031 3868 1231 3955 disputatum
1246 3880 1303 3952 est,

271 4021 292 4088 *)
312 4024 483 4074 Frederunce
502 4025 566 4076 odd.
587 4027 611 4075 1.

257 4165 278 4218 a)
297 4172 347 4216 post
363 4168 412 4208 add.
493 4169 516 4222 b)
533 4173 650 4213 resisteret
666 4175 685 4214 1.
761 4170 782 4225 c)
804 4185 833 4225 m,
851 4179 924 4228 eptus,
940 4179 1014 4226 sperit
1029 4178 1085 4219 absc.
1169 4180 1193 4232 d)
1209 4182 1234 4222 in
1249 4192 1268 4222 r.
1284 4181 1304 4218 1.

198 4223 220 4287 e)
236 4227 265 4266 D.
282 4239 304 4275 q.
320 4228 344 4265 in
359 4238 427 4277 marg.

272 4348 297 4410 1)
317 4345 485 4401 Flodcardus
504 4357 615 4403 mortem
634 4352 747 4403 Deroldi
765 4359 869 4406 tentum
887 4356 976 4408 refert.
