2820 4824
333 371 487 423 RICHERI
504 370 756 422 HISTORIARUM
774 371 886 423 LIBER
904 373 973 423 IIII.
1161 376 1211 425 171

93 541 284 604 iniuriosum
304 561 369 602 non
396 538 491 621 foret,
520 538 607 624 quod
637 541 712 624 quia
738 539 858 627 absque
887 544 972 626 regis
999 543 1115 605 inimic
1142 541 1274 605 fierieer.

93 646 160 688 non
181 630 315 708 poterat,
337 626 403 687 eius
425 621 490 686 filio
512 645 626 687 manus
648 645 705 708 per
720 635 955 689 sacramentum
976 627 1082 708 daret,
1104 627 1211 711 itaque

93 709 194 790 fieret,
217 717 253 770 ut
274 707 343 792 ipse
365 729 439 770 cum
460 716 558 771 natoa
579 705 737 789 militaret,
764 729 837 772 cum
857 709 959 773 filium
987 732 1082 774 suum
1104 709 1212 774 Odoni

93 793 174 877 prob
205 790 357 854 Conanob
387 791 477 855 daret
508 800 539 854 et
566 812 635 855 sese
666 790 788 855 Odonis
816 792 881 856 filio
909 792 1098 858 militaturos
1128 815 1212 857 ccm-

95 877 249 956 mitteret,
272 874 420 938 daturum
439 897 472 938 se
493 876 588 938 etiam
608 873 705 938 fidem
725 885 923 940 sacramento
945 887 1055 941 contra
1070 878 1212 940 omnium

96 979 227 1022 causam
271 968 354 1022 reter
375 959 460 1043 regis
482 967 513 1022 et
529 958 643 1022 horum
659 959 773 1043 quibus
790 960 922 1044 speciali
937 962 1211 1045 consanguinitate

96 1043 201 1106 carius
222 981 369 1106 addictus
392 1053 449 1123 est,
471 1052 582 1127 utpote
603 1043 686 1122 nati,
712 1041 819 1106 fratris
846 1046 906 1108 acb
936 1055 1099 1129 nepotum.
1150 1045 1211 1108 His

97 1125 170 1191 Odo
192 1127 363 1212 perceptis,
385 1148 516 1190 sucrum
536 1147 615 1188 usus
638 1124 786 1209 consilio,
811 1127 889 1192 haec
911 1151 979 1192 sese
1001 1137 1212 1214 excepturum

96 1211 217 1294 optime
239 1209 383 1292 mandat,
409 1211 437 1273 si
462 1209 594 1273 Namtas
616 1209 811 1275 Brittanniae
839 1212 951 1276 urbem
982 1211 1054 1276 dolo
1083 1222 1212 1296 captam

95 1293 211 1357 reddat
232 1304 263 1357 et
282 1317 301 1357 a
316 1295 381 1356 suis
397 1303 539 1358 evacuet.
575 1294 767 1357 Iniuriosum
783 1296 869 1359 enim
882 1295 917 1358 id
930 1296 1043 1378 videri,
1065 1298 1092 1359 si
1106 1295 1213 1360 ablata

95 1379 186 1463 prius
208 1398 273 1440 non
293 1386 426 1463 repetat,
449 1387 480 1442 et
500 1399 565 1440 non
585 1376 727 1461 redditis,
751 1399 824 1441 cum
845 1377 935 1444 hoste
963 1401 1077 1464 pacem
1106 1381 1211 1444 faciat.

242 1499 292 1564 92.
336 1496 507 1562 Abiectioc
528 1495 786 1583 supplicationis⁰
807 1499 849 1563 ab
873 1497 1038 1585 [Falcone]
1049 1511 1070 1563 ⁰.

180 1599 271 1663 Haec
293 1600 371 1663 dum
392 1602 630 1684 exagitarentur
657 1609 688 1664 et
711 1600 783 1666 Odo
811 1602 985 1666 exercitum
1014 1625 1107 1666 suum
1135 1624 1212 1687 pau-

96 1683 186 1748 latim
219 1684 330 1768 augeri
360 1683 581 1765 arbitraretur,
617 1685 804 1769 priusquam
841 1686 950 1770 copias
982 1685 1212 1770 congrediendi

96 1767 237 1850 haberet,
259 1790 318 1831 rex
340 1789 412 1831 cum
436 1767 539 1831 12000
560 1767 659 1847 affuit,
683 1790 757 1831 curn
777 1767 953 1832 Fulconem
975 1770 1058 1834 0000
1080 1792 1211 1834 suorum

96 1853 261 1937 stiparent.
305 1850 431 1932 Quibus
452 1851 572 1934 mixtis,
596 1853 754 1916 exercitus
769 1863 964 1918 armatorum
985 1855 1136 1919 densatus
1155 1864 1212 1919 est.

95 1935 192 2000 Unde
214 1945 246 2000 et
259 1935 360 1999 Fulco
382 1933 566 1999 insolentior
578 1937 690 2016 factus,
713 1959 795 2022 quae
816 1947 889 2001 ante
904 1937 1040 2022 supplex
1056 1938 1214 2002 obtulerat

96 2021 228 2105 spernit.
270 2020 315 2083 Ut
336 2017 456 2082 bellum
470 2018 535 2100 fiat,
557 2019 699 2084 fervidus
716 2021 821 2085 instat.
864 2021 908 2084 Et
929 2032 964 2085 ut
978 2022 1061 2086 vada
1075 2021 1210 2105 Ligeris,

97 2103 153 2190 qui
167 2104 214 2167 eis
232 2101 442 2186 interfluebat,
466 2113 687 2188 pertranseant
707 2104 895 2189 hostemque
916 2104 1085 2190 impetant,
1108 2104 1212 2168 horta·

95 2197 148 2252 tur
173 2197 269 2272 atque
298 2187 419 2251 suadet.
472 2185 545 2250 Odo
568 2208 641 2250 suos
669 2195 705 2249 ut
732 2187 970 2274 spoponderant
993 2210 1058 2252 non
1084 2189 1212 2252 venisse

95 2269 283 2350 advertens,
316 2292 354 2334 eo
405 2270 470 2334 uod
498 2271 692 2335 exercitibus
722 2271 908 2356 colligendis
933 2270 1029 2334 huius
1058 2272 1211 2355 temporis

96 2354 236 2419 brevitas
257 2376 322 2417 non
344 2377 358 2417 s
395 2355 513 2436 ficeret,
535 2356 640 2418 auimo
662 2355 757 2418 nimis
771 2353 898 2419 turbato
913 2353 1083 2420 ferebatur.
1122 2355 1212 2418 Atta-

96 2459 172 2501 men
183 2460 256 2502 cum
266 2438 350 2502 4000
360 2439 565 2522 refragratus,
580 2438 663 2501 vada
673 2439 798 2522 Ligeris
809 2438 1009 2524 prohibebat.
1040 2439 1118 2525 (93.)
1141 2439 1213 2502 Rex

95 2520 174 2585 vadi
201 2523 326 2586 incessu
353 2522 548 2606 prohibitus,
580 2521 622 2584 ad
650 2520 855 2586 Ambatiam¹
885 2533 1023 2586 castrum
1051 2531 1213 2607 retorquet

97 2607 284 2686 exercitum,
308 2605 395 2690 quod
415 2627 481 2669 non
506 2605 618 2704 procul
643 2607 677 2669 in
704 2605 817 2670 eodem
843 2605 934 2670 litore
961 2605 1102 2669 fluminis
1129 2606 1212 2668 inter

95 2711 195 2774 rupes
217 2691 390 2771 eminebat,
416 2699 452 2758 ut
472 2690 517 2754 ibr
539 2690 694 2753 transiens
717 2700 748 2754 et
768 2700 842 2776 post
864 2689 1044 2775 obliquatus
1065 2689 1212 2754 hostibus

97 2793 118 2835 a
150 2782 240 2858 tergo
272 2774 454 2858 inprovisus
487 2773 621 2838 adsistat
653 2795 771 2858 eosque
803 2774 884 2842 adur
907 2784 967 2838 eat.
1022 2772 1095 2838 Odo
1126 2773 1212 2856 regis

96 2859 275 2921 exercitum
291 2879 356 2920 non
371 2857 537 2939 sustinens,
559 2855 680 2940 legatos
695 2860 724 2922 ei
738 2858 863 2943 dirigit:
883 2797 1008 2922 hostem
1023 2879 1126 2937 suum,
1149 2876 1214 2919 uon

96 2962 207 3025 regem
228 2963 297 3005 sese
318 2941 493 3026 impetiisse
514 2942 685 3024 mandans3
708 2963 768 3004 nec
789 2950 899 3006 contra
917 2964 1025 3027 regem
1041 2942 1214 3027 quicquam

96 3022 254 3106 molitum,
275 3033 309 3087 at
330 3035 441 3088 contra
461 3025 642 3105 inimicum3
669 3026 697 3088 si
716 3048 775 3089 rex
797 3027 914 3107 iubeat,
938 3048 971 3090 se
990 3047 1069 3089 mox
1082 3023 1214 3088 ulterius

96 3108 217 3171 iturum
239 3119 271 3172 et
292 3107 353 3172 sibi
374 3108 414 3172 de
437 3106 584 3171 omnibus
605 3107 850 3172 satisfacturum.
894 3110 966 3173 Rex
989 3109 1121 3174 rationis
1141 3128 1214 3170 con-

98 3192 299 3276 sequentiam
320 3192 497 3272 advertens,
519 3200 642 3255 tantum
664 3192 769 3256 virum
790 3189 912 3276 absque
935 3212 1033 3254 causa
1054 3214 1073 3254 a
1095 3213 1129 3254 se
1151 3189 1213 3255 lae-

99 3297 171 3339 sum
193 3285 376 3360 suspectum
397 3274 546 3340 habeba-t.
582 3274 677 3340 Unde
696 3285 728 3340 et
745 3297 786 3338 ne
804 3275 954 3359 penitusb
970 3297 989 3337 a
1004 3297 1038 3338 se
1053 3274 1213 3355 deficeret,

98 3355 141 3422 ab
163 3379 201 3422 eo
217 3358 343 3424 obsides
359 3359 417 3423 sub
433 3381 513 3445 pace
536 3368 699 3444 sequestra
720 3359 861 3505 nunquit,
884 3359 947 3421 ded
962 3357 1109 3421 omnibus
1131 3377 1214 3443 quae

98 3441 129 3506 ei
150 3442 327 3506 intenderet
348 3453 422 3527 post
442 3444 599 3507 rationem
621 3442 662 3507 ab
685 3464 722 3508 eo
744 3464 786 3505 au
808 3443 919 3506 iturus.
956 3441 1050 3506 Unde
1072 3450 1103 3505 et
1124 3462 1214 3504 exer-

97 3525 198 3589 citum
219 3525 384 3608 reducens,
405 3527 564 3590 Parisium
586 3526 723 3591 devenit.
767 3526 839 3591 Odo
866 3547 993 3673 quoque
1017 3523 1096 3588 nihil
1124 3524 1215 3586 emit

98 3618 180 3691 tens,
201 3609 382 3693 indempnis
402 3609 534 3675 Meldim
556 3633 630 3674 curn
652 3613 717 3674 suis
740 3610 876 3674 devenit.
918 3613 930 3637 *
953 3609 1015 3672 nde
1031 3609 1126 3672 etiam
1140 3615 1331 3692 portuosa

99 3691 169 3756 dies
191 3714 255 3756 non
276 3691 392 3757 multos
424 3702 563 3758 castrum
592 3694 679 3779 quod
699 3694 853 3757 Dunum²
875 3693 991 3758 dicitur
1023 3715 1081 3757 sua
1108 3690 1214 3775 dispo-

97 3775 217 3840 siturus
237 3777 339 3862 petiit.

451 3863 501 3926 94.
546 3861 682 3927 Obituse
706 3861 860 3926 Odonisss.

184 3961 280 4026 Unde
301 3985 375 4027 cum
397 3963 437 4028 de
458 3965 534 4044 suis,
555 3985 635 4049 quos
658 3963 717 4027 sub
764 3963 837 4028 acef
859 3972 1022 4049 sequestra
1043 3965 1112 4048 regi
1135 3962 1217 4029 dele-

98 4055 243 4131 gaverat,
266 4045 403 4131 plurima
423 4047 652 4112 consultatione
674 3987 871 4130 deliberaret,
892 4049 1087 4111 humorum&
1108 4069 1216 4132 super-

160 4205 184 4258 a)
200 4210 261 4249 111111
278 4210 298 4250 1.
365 4207 389 4261 b)
401 4211 513 4260 potladd.
578 4207 599 4260 c)
616 4211 683 4262 ectio,
699 4211 753 4263 lica,
768 4213 795 4263 to,
810 4209 934 4263 F(ulcono)
950 4210 1006 4251 abac.
1073 4208 1217 4262 (0111111
1283 4219 1288 4227 ⁴

96 4267 146 4306 loco
161 4278 221 4306 raso.
281 4265 509 4321 noannoeane.
570 4267 690 4320 {idcircum
705 4271 795 4310 videtur.
857 4267 880 4320 ε)
897 4271 1018 4309 homerum
1033 4279 1051 4312 r.

178 4364 206 4430 1)
226 4365 360 4416 Amboise.
435 4362 464 4431 2)
485 4365 669 4419 Ohoteaudun.
