<?xml version="1.0" encoding="UTF-8"?>
<!DOCTYPE html PUBLIC "-//W3C//DTD XHTML 1.0 Transitional//EN"
    "http://www.w3.org/TR/xhtml1/DTD/xhtml1-transitional.dtd">
<html xmlns="http://www.w3.org/1999/xhtml" xml:lang="en" lang="en">
 <head>
  <title>
</title>
<meta http-equiv="Content-Type" content="text/html;charset=utf-8" />
  <meta name='ocr-system' content='tesseract 3.04.00' />
  <meta name='ocr-capabilities' content='ocr_page ocr_carea ocr_par ocr_line ocrx_word'/>
</head>
<body>
  <div class='ocr_page' id='page_1' title='image "./richerihistoria01richgoog_0123.png"; bbox 0 0 2820 4824; ppageno 0'>
   <div class='ocr_carea' id='block_1_1' title="bbox 258 352 1154 409">
    <p class='ocr_par' dir='ltr' id='par_1_1' title="bbox 258 352 1154 409">
     <span class='ocr_line' id='line_1_1' title="bbox 258 352 1154 409; baseline -0.004 0"><span class='ocrx_word' id='word_1_1' title='bbox 258 359 309 409; x_wconf 79' lang='grc'>106</span> <span class='ocrx_word' id='word_1_2' title='bbox 526 354 680 406; x_wconf 83' lang='lat' dir='ltr'>RIOHERI</span> <span class='ocrx_word' id='word_1_3' title='bbox 699 354 951 406; x_wconf 82' lang='lat' dir='ltr'>HISTORIARUM</span> <span class='ocrx_word' id='word_1_4' title='bbox 970 352 1081 405; x_wconf 77' lang='lat' dir='ltr'>LIBER</span> <span class='ocrx_word' id='word_1_5' title='bbox 1100 353 1154 405; x_wconf 88' lang='lat'>111.</span> 
     </span>
    </p>
   </div>
   <div class='ocr_carea' id='block_1_2' title="bbox 195 518 1400 1192">
    <p class='ocr_par' dir='ltr' id='par_1_2' title="bbox 195 518 1400 1192">
     <span class='ocr_line' id='line_1_2' title="bbox 195 518 1400 621; baseline -0.002 -36"><span class='ocrx_word' id='word_1_6' title='bbox 195 545 246 587; x_wconf 81' lang='lat' dir='ltr'>oso.</span> <span class='ocrx_word' id='word_1_7' title='bbox 256 523 522 612; x_wconf 85' lang='lat' dir='ltr'>prestolabantur.</span> <span class='ocrx_word' id='word_1_8' title='bbox 558 521 743 585; x_wconf 87' lang='lat' dir='ltr'>Haerebant</span> <span class='ocrx_word' id='word_1_9' title='bbox 764 521 890 602; x_wconf 82' lang='lat' dir='ltr'><strong>etenim,</strong></span> <span class='ocrx_word' id='word_1_10' title='bbox 912 543 955 584; x_wconf 88' lang='lat' dir='ltr'>an</span> <span class='ocrx_word' id='word_1_11' title='bbox 969 518 1101 584; x_wconf 68' lang='lat' dir='ltr'>Otriooa</span> <span class='ocrx_word' id='word_1_12' title='bbox 1121 520 1287 606; x_wconf 88' lang='lat' dir='ltr'>quispiam</span> <span class='ocrx_word' id='word_1_13' title='bbox 1299 519 1362 584; x_wconf 89' lang='lat' dir='ltr'>resi·</span> <span class='ocrx_word' id='word_1_14' title='bbox 1396 554 1400 621; x_wconf 65' lang='lat' dir='ltr'>l</span> 
     </span>
     <span class='ocr_line' id='line_1_3' title="bbox 256 600 1400 673; baseline -0.01 0"><span class='ocrx_word' id='word_1_15' title='bbox 256 620 339 673; x_wconf 88' lang='lat' dir='ltr'>stere</span> <span class='ocrx_word' id='word_1_16' title='bbox 374 607 513 672; x_wconf 87' lang='lat' dir='ltr'>auderet.</span> <span class='ocrx_word' id='word_1_17' title='bbox 570 605 704 668; x_wconf 84' lang='lat' dir='ltr'>Necnon</span> <span class='ocrx_word' id='word_1_18' title='bbox 740 614 772 668; x_wconf 87' lang='lat' dir='ltr'>et</span> <span class='ocrx_word' id='word_1_19' title='bbox 807 627 848 668; x_wconf 91' lang='lat' dir='ltr'>au</span> <span class='ocrx_word' id='word_1_20' title='bbox 894 614 961 668; x_wconf 89' lang='lat' dir='ltr'>stus</span> <span class='ocrx_word' id='word_1_21' title='bbox 996 600 1184 668; x_wconf 89' lang='lat' dir='ltr'>huiusmodi</span> <span class='ocrx_word' id='word_1_22' title='bbox 1216 613 1361 668; x_wconf 85' lang='lat' dir='ltr'>certamen</span> <span class='ocrx_word' id='word_1_23' title='bbox 1398 635 1400 661; x_wconf 65' lang='grc' dir='ltr'><strong>ι</strong></span> 
     </span>
     <span class='ocr_line' id='line_1_4' title="bbox 255 686 1400 773; baseline 0 -16"><span class='ocrx_word' id='word_1_24' title='bbox 255 691 439 757; x_wconf 91' lang='lat' dir='ltr'>habendum</span> <span class='ocrx_word' id='word_1_25' title='bbox 461 688 573 754; x_wconf 89' lang='lat' dir='ltr'>callide</span> <span class='ocrx_word' id='word_1_26' title='bbox 594 689 818 773; x_wconf 81' lang='lat' dir='ltr'>pertractabat.</span> <span class='ocrx_word' id='word_1_27' title='bbox 890 686 1028 752; x_wconf 88' lang='lat' dir='ltr'>itebatur</span> <span class='ocrx_word' id='word_1_28' title='bbox 1049 698 1159 752; x_wconf 90' lang='lat' dir='ltr'>autem</span> <span class='ocrx_word' id='word_1_29' title='bbox 1182 686 1361 753; x_wconf 85' lang='lat' dir='ltr'>Gerbertum</span> <span class='ocrx_word' id='word_1_30' title='bbox 1398 712 1400 757; x_wconf 80' lang='grc' dir='ltr'>ε</span> 
     </span>
     <span class='ocr_line' id='line_1_5' title="bbox 256 771 1400 870; baseline -0.005 -31"><span class='ocrx_word' id='word_1_31' title='bbox 256 777 420 839; x_wconf 89' lang='lat' dir='ltr'>incautum</span> <span class='ocrx_word' id='word_1_32' title='bbox 436 773 546 840; x_wconf 86' lang='lat' dir='ltr'>Otrioo</span> <span class='ocrx_word' id='word_1_33' title='bbox 569 794 739 870; x_wconf 88' lang='lat' dir='ltr'>opponere,</span> <span class='ocrx_word' id='word_1_34' title='bbox 762 783 807 850; x_wconf 93' lang='lat' dir='ltr'>ut,</span> <span class='ocrx_word' id='word_1_35' title='bbox 829 774 856 834; x_wconf 92' lang='lat' dir='ltr'>si</span> <span class='ocrx_word' id='word_1_36' title='bbox 877 773 1022 835; x_wconf 88' lang='lat' dir='ltr'>incautus</span> <span class='ocrx_word' id='word_1_37' title='bbox 1038 780 1260 856; x_wconf 81' lang='lat' dir='ltr'>appeteretur,</span> <span class='ocrx_word' id='word_1_38' title='bbox 1281 771 1360 834; x_wconf 86' lang='lat' dir='ltr'>maio</span> <span class='ocrx_word' id='word_1_39' title='bbox 1398 772 1400 843; x_wconf 85' lang='lat' dir='ltr'>l</span> 
     </span>
     <span class='ocr_line' id='line_1_6' title="bbox 257 855 1359 923; baseline -0.005 -1"><span class='ocrx_word' id='word_1_40' title='bbox 257 881 325 923; x_wconf 90' lang='lat' dir='ltr'>rem</span> <span class='ocrx_word' id='word_1_41' title='bbox 347 856 606 922; x_wconf 89' lang='lat' dir='ltr'>controversandr</span> <span class='ocrx_word' id='word_1_42' title='bbox 627 859 771 919; x_wconf 88' lang='lat' dir='ltr'>animum</span> <span class='ocrx_word' id='word_1_43' title='bbox 784 857 818 919; x_wconf 90' lang='lat' dir='ltr'>in</span> <span class='ocrx_word' id='word_1_44' title='bbox 833 856 1027 919; x_wconf 85' lang='lat' dir='ltr'>contrarium</span> <span class='ocrx_word' id='word_1_45' title='bbox 1041 865 1199 919; x_wconf 87' lang='lat' dir='ltr'>moveret.</span> <span class='ocrx_word' id='word_1_46' title='bbox 1231 855 1359 921; x_wconf 88' lang='lat' dir='ltr'>Otricum</span> 
     </span>
     <span class='ocr_line' id='line_1_7' title="bbox 256 937 1358 1027; baseline -0.005 -20"><span class='ocrx_word' id='word_1_47' title='bbox 256 965 332 1008; x_wconf 90' lang='lat' dir='ltr'>vero</span> <span class='ocrx_word' id='word_1_48' title='bbox 355 940 455 1006; x_wconf 89' lang='lat' dir='ltr'>multa</span> <span class='ocrx_word' id='word_1_49' title='bbox 475 962 653 1027; x_wconf 89' lang='lat' dir='ltr'>proponere</span> <span class='ocrx_word' id='word_1_50' title='bbox 675 938 792 1003; x_wconf 86' lang='lat' dir='ltr'>nihilve</span> <span class='ocrx_word' id='word_1_51' title='bbox 808 939 930 1004; x_wconf 89' lang='lat' dir='ltr'>solvere</span> <span class='ocrx_word' id='word_1_52' title='bbox 945 937 1142 1004; x_wconf 86' lang='lat' dir='ltr'>hortabatur.</span> <span class='ocrx_word' id='word_1_53' title='bbox 1183 941 1292 1024; x_wconf 88' lang='lat' dir='ltr'>Atque</span> <span class='ocrx_word' id='word_1_54' title='bbox 1305 938 1358 1001; x_wconf 80' lang='lat' dir='ltr'>hisl</span> 
     </span>
     <span class='ocr_line' id='line_1_8' title="bbox 258 1022 1358 1108; baseline -0.005 -18"><span class='ocrx_word' id='word_1_55' title='bbox 258 1027 405 1091; x_wconf 90' lang='lat' dir='ltr'>omnibus</span> <span class='ocrx_word' id='word_1_56' title='bbox 427 1049 467 1090; x_wconf 85' lang='lat' dir='ltr'>ex</span> <span class='ocrx_word' id='word_1_57' title='bbox 490 1025 619 1088; x_wconf 80' lang='lat' dir='ltr'>ordine⁰</span> <span class='ocrx_word' id='word_1_58' title='bbox 649 1023 896 1105; x_wconf 88' lang='lat' dir='ltr'>considentibus,</span> <span class='ocrx_word' id='word_1_59' title='bbox 925 1033 1078 1108; x_wconf 90' lang='lat' dir='ltr'>augustus</span> <span class='ocrx_word' id='word_1_60' title='bbox 1106 1045 1223 1087; x_wconf 90' lang='lat' dir='ltr'>eorum</span> <span class='ocrx_word' id='word_1_61' title='bbox 1253 1022 1358 1086; x_wconf 86' lang='lat' dir='ltr'>medius</span> 
     </span>
     <span class='ocr_line' id='line_1_9' title="bbox 258 1108 675 1192; baseline -0.01 -18"><span class='ocrx_word' id='word_1_62' title='bbox 258 1111 304 1174; x_wconf 90' lang='lat' dir='ltr'>sic</span> <span class='ocrx_word' id='word_1_63' title='bbox 325 1111 364 1174; x_wconf 76' lang='lat' dir='ltr'>eb</span> <span class='ocrx_word' id='word_1_64' title='bbox 386 1108 534 1173; x_wconf 76' lang='lat' dir='ltr'>sublimil&#39;</span> <span class='ocrx_word' id='word_1_65' title='bbox 556 1108 675 1192; x_wconf 87' lang='lat' dir='ltr'>coepit:</span> 
     </span>
    </p>
   </div>
   <div class='ocr_carea' id='block_1_3' title="bbox 257 1225 1356 1395">
    <p class='ocr_par' dir='ltr' id='par_1_3' title="bbox 257 1225 1356 1395">
     <span class='ocr_line' id='line_1_10' title="bbox 257 1225 1356 1312; baseline -0.006 -18"><span class='ocrx_word' id='word_1_66' title='bbox 257 1230 308 1296; x_wconf 83' lang='lat'>58.</span> <span class='ocrx_word' id='word_1_67' title='bbox 351 1228 511 1293; x_wconf 89' lang='lat' dir='ltr'>Allocutio</span> <span class='ocrx_word' id='word_1_68' title='bbox 541 1228 669 1312; x_wconf 89' lang='lat' dir='ltr'>augusti</span> <span class='ocrx_word' id='word_1_69' title='bbox 695 1225 822 1290; x_wconf 89' lang='lat' dir='ltr'>Ottonis</span> <span class='ocrx_word' id='word_1_70' title='bbox 850 1227 884 1288; x_wconf 91' lang='lat' dir='ltr'>in</span> <span class='ocrx_word' id='word_1_71' title='bbox 912 1235 1069 1291; x_wconf 86' lang='lat' dir='ltr'>conventu</span> <span class='ocrx_word' id='word_1_72' title='bbox 1096 1227 1292 1312; x_wconf 89' lang='lat' dir='ltr'>sapientium</span> <span class='ocrx_word' id='word_1_73' title='bbox 1315 1245 1356 1309; x_wconf 92' lang='lat' dir='ltr'>pro</span> 
     </span>
     <span class='ocr_line' id='line_1_11' title="bbox 615 1309 1010 1395; baseline -0.003 -21"><span class='ocrx_word' id='word_1_74' title='bbox 615 1309 834 1374; x_wconf 84' lang='lat' dir='ltr'>emendatione</span> <span class='ocrx_word' id='word_1_75' title='bbox 856 1310 1010 1395; x_wconf 75' lang='lat' dir='ltr'>figurael’.</span> 
     </span>
    </p>
   </div>
   <div class='ocr_carea' id='block_1_4' title="bbox 144 1411 1359 3150">
    <p class='ocr_par' dir='ltr' id='par_1_4' title="bbox 259 1411 1359 2931">
     <span class='ocr_line' id='line_1_12' title="bbox 343 1411 1356 1498; baseline -0.004 -22"><span class='ocrx_word' id='word_1_76' title='bbox 343 1413 554 1494; x_wconf 77' lang='lat' dir='ltr'>‘Humanam’,</span> <span class='ocrx_word' id='word_1_77' title='bbox 577 1413 741 1498; x_wconf 88' lang='lat' dir='ltr'>inquiens,</span> <span class='ocrx_word' id='word_1_78' title='bbox 765 1418 811 1475; x_wconf 88' lang='lat' dir='ltr'>‘ut</span> <span class='ocrx_word' id='word_1_79' title='bbox 832 1412 968 1476; x_wconf 87' lang='lat' dir='ltr'>arbitror</span> <span class='ocrx_word' id='word_1_80' title='bbox 989 1411 1156 1475; x_wconf 88' lang='lat' dir='ltr'>scientiam</span> <span class='ocrx_word' id='word_1_81' title='bbox 1179 1411 1293 1476; x_wconf 87' lang='lat' dir='ltr'>crebra</span> <span class='ocrx_word' id='word_1_82' title='bbox 1310 1432 1356 1473; x_wconf 89' lang='lat' dir='ltr'>me·</span> 
     </span>
     <span class='ocr_line' id='line_1_13' title="bbox 259 1493 1357 1580; baseline -0.005 -19"><span class='ocrx_word' id='word_1_83' title='bbox 259 1497 370 1562; x_wconf 90' lang='lat' dir='ltr'>ditatio</span> <span class='ocrx_word' id='word_1_84' title='bbox 381 1496 432 1561; x_wconf 91' lang='lat' dir='ltr'>vel</span> <span class='ocrx_word' id='word_1_85' title='bbox 444 1497 628 1561; x_wconf 87' lang='lat' dir='ltr'>exercitatio</span> <span class='ocrx_word' id='word_1_86' title='bbox 640 1495 745 1560; x_wconf 88' lang='lat' dir='ltr'>reddit</span> <span class='ocrx_word' id='word_1_87' title='bbox 755 1493 926 1578; x_wconf 89' lang='lat' dir='ltr'>meliorem,</span> <span class='ocrx_word' id='word_1_88' title='bbox 943 1496 1089 1580; x_wconf 88' lang='lat' dir='ltr'>quotiens</span> <span class='ocrx_word' id='word_1_89' title='bbox 1098 1495 1113 1536; x_wconf 79' lang='lat'>‘¹</span> <span class='ocrx_word' id='word_1_90' title='bbox 1123 1517 1236 1559; x_wconf 91' lang='lat' dir='ltr'>rerum</span> <span class='ocrx_word' id='word_1_91' title='bbox 1246 1494 1357 1558; x_wconf 84' lang='lat' dir='ltr'>materis</span> 
     </span>
     <span class='ocr_line' id='line_1_14' title="bbox 259 1576 1357 1666; baseline -0.005 -22"><span class='ocrx_word' id='word_1_92' title='bbox 259 1591 475 1666; x_wconf 81' lang='lat' dir='ltr'>competenter</span> <span class='ocrx_word' id='word_1_93' title='bbox 504 1580 668 1644; x_wconf 76' lang='lat' dir='ltr'>ordinata⁰</span> <span class='ocrx_word' id='word_1_94' title='bbox 699 1579 898 1643; x_wconf 84' lang='lat' dir='ltr'>sermonibus</span> <span class='ocrx_word' id='word_1_95' title='bbox 932 1578 1099 1664; x_wconf 89' lang='lat' dir='ltr'>exquisitis</span> <span class='ocrx_word' id='word_1_96' title='bbox 1128 1601 1189 1663; x_wconf 91' lang='lat' dir='ltr'>per</span> <span class='ocrx_word' id='word_1_97' title='bbox 1219 1576 1357 1664; x_wconf 85' lang='lat' dir='ltr'>quoslibet</span> 
     </span>
     <span class='ocr_line' id='line_1_15' title="bbox 259 1662 1356 1750; baseline -0.003 -23"><span class='ocrx_word' id='word_1_98' title='bbox 259 1665 418 1750; x_wconf 87' lang='lat' dir='ltr'>sapientes</span> <span class='ocrx_word' id='word_1_99' title='bbox 441 1663 577 1728; x_wconf 89' lang='lat' dir='ltr'>effertur.</span> <span class='ocrx_word' id='word_1_100' title='bbox 610 1663 694 1726; x_wconf 88' lang='lat' dir='ltr'>Nam</span> <span class='ocrx_word' id='word_1_101' title='bbox 715 1683 788 1725; x_wconf 90' lang='lat' dir='ltr'>cum</span> <span class='ocrx_word' id='word_1_102' title='bbox 810 1685 869 1747; x_wconf 91' lang='lat' dir='ltr'>per</span> <span class='ocrx_word' id='word_1_103' title='bbox 890 1662 991 1726; x_wconf 90' lang='lat' dir='ltr'>otium</span> <span class='ocrx_word' id='word_1_104' title='bbox 1012 1663 1181 1747; x_wconf 77' lang='lat' dir='ltr'>sepissime</span> <span class='ocrx_word' id='word_1_105' title='bbox 1203 1671 1356 1749; x_wconf 83' lang='lat' dir='ltr'>torpemus,</span> 
     </span>
     <span class='ocr_line' id='line_1_16' title="bbox 260 1744 1357 1831; baseline -0.003 -21"><span class='ocrx_word' id='word_1_106' title='bbox 260 1749 288 1810; x_wconf 87' lang='lat' dir='ltr'>si</span> <span class='ocrx_word' id='word_1_107' title='bbox 308 1746 488 1831; x_wconf 89' lang='lat' dir='ltr'>aliquorum</span> <span class='ocrx_word' id='word_1_108' title='bbox 515 1746 679 1831; x_wconf 91' lang='lat' dir='ltr'>pulsemur</span> <span class='ocrx_word' id='word_1_109' title='bbox 727 1746 934 1826; x_wconf 87' lang='lat' dir='ltr'>uestionibus,</span> <span class='ocrx_word' id='word_1_110' title='bbox 961 1745 1003 1809; x_wconf 90' lang='lat' dir='ltr'>ad</span> <span class='ocrx_word' id='word_1_111' title='bbox 1023 1744 1194 1808; x_wconf 86' lang='lat' dir='ltr'>utillimam</span> <span class='ocrx_word' id='word_1_112' title='bbox 1216 1769 1293 1810; x_wconf 87' lang='lat' dir='ltr'>mox</span> <span class='ocrx_word' id='word_1_113' title='bbox 1311 1767 1357 1808; x_wconf 88' lang='lat' dir='ltr'>me·</span> 
     </span>
     <span class='ocr_line' id='line_1_17' title="bbox 259 1768 1356 1894; baseline -0.001 -1"><span class='ocrx_word' id='word_1_114' title='bbox 259 1830 443 1894; x_wconf 86' lang='lat' dir='ltr'>ditationem</span> <span class='ocrx_word' id='word_1_115' title='bbox 482 1831 660 1894; x_wconf 91' lang='lat' dir='ltr'>incitamur.</span> <span class='ocrx_word' id='word_1_116' title='bbox 706 1768 795 1894; x_wconf 75' lang='lat' dir='ltr'>ilino</span> <span class='ocrx_word' id='word_1_117' title='bbox 829 1831 961 1894; x_wconf 89' lang='lat' dir='ltr'>scientia</span> <span class='ocrx_word' id='word_1_118' title='bbox 997 1851 1104 1894; x_wconf 88' lang='lat' dir='ltr'>rerum</span> <span class='ocrx_word' id='word_1_119' title='bbox 1138 1851 1160 1892; x_wconf 91' lang='lat' dir='ltr'>a</span> <span class='ocrx_word' id='word_1_120' title='bbox 1183 1828 1356 1894; x_wconf 84' lang='lat' dir='ltr'>doctissimis</span> 
     </span>
     <span class='ocr_line' id='line_1_18' title="bbox 261 1912 1357 1999; baseline -0.002 -23"><span class='ocrx_word' id='word_1_121' title='bbox 261 1912 366 1977; x_wconf 85' lang='lat' dir='ltr'>elicita</span> <span class='ocrx_word' id='word_1_122' title='bbox 387 1923 444 1977; x_wconf 91' lang='lat' dir='ltr'>est.</span> <span class='ocrx_word' id='word_1_123' title='bbox 486 1913 572 1977; x_wconf 86' lang='lat' dir='ltr'>Hinc</span> <span class='ocrx_word' id='word_1_124' title='bbox 594 1923 650 1996; x_wconf 88' lang='lat' dir='ltr'>est,</span> <span class='ocrx_word' id='word_1_125' title='bbox 673 1913 758 1999; x_wconf 92' lang='lat' dir='ltr'>quod</span> <span class='ocrx_word' id='word_1_126' title='bbox 778 1915 819 1977; x_wconf 92' lang='lat' dir='ltr'>ab</span> <span class='ocrx_word' id='word_1_127' title='bbox 842 1915 888 1977; x_wconf 90' lang='lat' dir='ltr'>eis</span> <span class='ocrx_word' id='word_1_128' title='bbox 910 1912 1033 1999; x_wconf 87' lang='lat' dir='ltr'>prolata</span> <span class='ocrx_word' id='word_1_129' title='bbox 1052 1912 1143 1978; x_wconf 87' lang='lat' dir='ltr'>libris</span> <span class='ocrx_word' id='word_1_130' title='bbox 1167 1913 1286 1978; x_wconf 87' lang='lat' dir='ltr'>tradita</span> <span class='ocrx_word' id='word_1_131' title='bbox 1304 1919 1357 1976; x_wconf 87' lang='lat' dir='ltr'>sunt</span> 
     </span>
     <span class='ocr_line' id='line_1_19' title="bbox 260 1995 1357 2083; baseline -0.002 -23"><span class='ocrx_word' id='word_1_132' title='bbox 260 1998 416 2083; x_wconf 88' lang='lat' dir='ltr'>nobisque</span> <span class='ocrx_word' id='word_1_133' title='bbox 445 1996 486 2060; x_wconf 89' lang='lat' dir='ltr'>ad</span> <span class='ocrx_word' id='word_1_134' title='bbox 513 1998 589 2062; x_wconf 92' lang='lat' dir='ltr'>boni</span> <span class='ocrx_word' id='word_1_135' title='bbox 618 1998 769 2063; x_wconf 87' lang='lat' dir='ltr'>exercicii</span> <span class='ocrx_word' id='word_1_136' title='bbox 797 1997 932 2082; x_wconf 89' lang='lat' dir='ltr'>gloriam</span> <span class='ocrx_word' id='word_1_137' title='bbox 959 1995 1136 2061; x_wconf 75' lang='lat' dir='ltr'>derelictas.</span> <span class='ocrx_word' id='word_1_138' title='bbox 1188 1996 1357 2061; x_wconf 86' lang='lat' dir='ltr'>Affioiamur</span> 
     </span>
     <span class='ocr_line' id='line_1_20' title="bbox 260 2080 1357 2167; baseline -0.004 -23"><span class='ocrx_word' id='word_1_139' title='bbox 260 2082 358 2166; x_wconf 87' lang='lat' dir='ltr'>igitur</span> <span class='ocrx_word' id='word_1_140' title='bbox 379 2091 410 2146; x_wconf 91' lang='lat' dir='ltr'>et</span> <span class='ocrx_word' id='word_1_141' title='bbox 430 2103 489 2145; x_wconf 92' lang='lat' dir='ltr'>nos</span> <span class='ocrx_word' id='word_1_142' title='bbox 510 2080 670 2167; x_wconf 88' lang='lat' dir='ltr'>aliquibus</span> <span class='ocrx_word' id='word_1_143' title='bbox 687 2081 827 2161; x_wconf 88' lang='lat' dir='ltr'>obiectis,</span> <span class='ocrx_word' id='word_1_144' title='bbox 851 2081 967 2166; x_wconf 91' lang='lat' dir='ltr'>quibus</span> <span class='ocrx_word' id='word_1_145' title='bbox 983 2089 1014 2144; x_wconf 91' lang='lat' dir='ltr'>et</span> <span class='ocrx_word' id='word_1_146' title='bbox 1028 2081 1155 2144; x_wconf 90' lang='lat' dir='ltr'>animus</span> <span class='ocrx_word' id='word_1_147' title='bbox 1171 2080 1357 2146; x_wconf 86' lang='lat' dir='ltr'>excellentior</span> 
     </span>
     <span class='ocr_line' id='line_1_21' title="bbox 260 2163 1356 2291; baseline -0.004 -63"><span class='ocrx_word' id='word_1_148' title='bbox 260 2165 301 2228; x_wconf 92' lang='lat' dir='ltr'>ad</span> <span class='ocrx_word' id='word_1_149' title='bbox 330 2163 558 2250; x_wconf 86' lang='lat' dir='ltr'>intelligentiae</span> <span class='ocrx_word' id='word_1_150' title='bbox 588 2167 729 2229; x_wconf 87' lang='lat' dir='ltr'>cerciora</span> <span class='ocrx_word' id='word_1_151' title='bbox 758 2165 901 2228; x_wconf 90' lang='lat' dir='ltr'>ducatur.</span> <span class='ocrx_word' id='word_1_152' title='bbox 950 2163 994 2227; x_wconf 83' lang='lat' dir='ltr'>Et</span> <span class='ocrx_word' id='word_1_153' title='bbox 1022 2165 1088 2241; x_wconf 88' lang='lat' dir='ltr'>eia,</span> <span class='ocrx_word' id='word_1_154' title='bbox 1118 2165 1254 2291; x_wconf 79' lang='lat' dir='ltr'>inquam</span> <span class='ocrx_word' id='word_1_155' title='bbox 1262 2166 1286 2245; x_wconf 77' lang='lat'>1’,</span> <span class='ocrx_word' id='word_1_156' title='bbox 1309 2164 1356 2226; x_wconf 85' lang='lat' dir='ltr'>ian</span> 
     </span>
     <span class='ocr_line' id='line_1_22' title="bbox 259 2245 1355 2334; baseline -0.003 -21"><span class='ocrx_word' id='word_1_157' title='bbox 259 2271 346 2314; x_wconf 87' lang='lat' dir='ltr'>nuno</span> <span class='ocrx_word' id='word_1_158' title='bbox 372 2248 573 2314; x_wconf 88' lang='lat' dir='ltr'>revolvamus</span> <span class='ocrx_word' id='word_1_159' title='bbox 594 2249 732 2334; x_wconf 89' lang='lat' dir='ltr'>figuram</span> <span class='ocrx_word' id='word_1_160' title='bbox 753 2247 840 2312; x_wconf 91' lang='lat' dir='ltr'>illam</span> <span class='ocrx_word' id='word_1_161' title='bbox 862 2247 923 2312; x_wconf 73' lang='lat' dir='ltr'>del</span> <span class='ocrx_word' id='word_1_162' title='bbox 945 2245 1167 2333; x_wconf 82' lang='lat' dir='ltr'>philosophiae</span> <span class='ocrx_word' id='word_1_163' title='bbox 1202 2246 1355 2333; x_wconf 75' lang='lat' dir='ltr'>partibusl,</span> 
     </span>
     <span class='ocr_line' id='line_1_23' title="bbox 260 2331 1356 2432; baseline -0.005 -36"><span class='ocrx_word' id='word_1_164' title='bbox 260 2355 342 2432; x_wconf 89' lang='lat' dir='ltr'>quae</span> <span class='ocrx_word' id='word_1_165' title='bbox 372 2335 464 2399; x_wconf 92' lang='lat' dir='ltr'>nobis</span> <span class='ocrx_word' id='word_1_166' title='bbox 490 2355 573 2398; x_wconf 91' lang='lat' dir='ltr'>anno</span> <span class='ocrx_word' id='word_1_167' title='bbox 603 2333 766 2418; x_wconf 91' lang='lat' dir='ltr'>superiore</span> <span class='ocrx_word' id='word_1_168' title='bbox 794 2341 968 2396; x_wconf 86' lang='lat' dir='ltr'>monstrata</span> <span class='ocrx_word' id='word_1_169' title='bbox 997 2341 1055 2395; x_wconf 86' lang='lat' dir='ltr'>est.</span> <span class='ocrx_word' id='word_1_170' title='bbox 1100 2331 1224 2396; x_wconf 91' lang='lat' dir='ltr'>Omnes</span> <span class='ocrx_word' id='word_1_171' title='bbox 1247 2331 1356 2415; x_wconf 83' lang='lat' dir='ltr'>diligen-</span> 
     </span>
     <span class='ocr_line' id='line_1_24' title="bbox 259 2413 1357 2514; baseline -0.005 -33"><span class='ocrx_word' id='word_1_172' title='bbox 259 2419 380 2482; x_wconf 87' lang='lat' dir='ltr'>trssime</span> <span class='ocrx_word' id='word_1_173' title='bbox 411 2439 481 2481; x_wconf 89' lang='lat' dir='ltr'>eam</span> <span class='ocrx_word' id='word_1_174' title='bbox 508 2417 686 2482; x_wconf 85' lang='lat' dir='ltr'>advertant.</span> <span class='ocrx_word' id='word_1_175' title='bbox 733 2417 917 2500; x_wconf 88' lang='lat' dir='ltr'>Dicantque</span> <span class='ocrx_word' id='word_1_176' title='bbox 946 2413 1071 2500; x_wconf 83' lang='lat' dir='ltr'>singuli,</span> <span class='ocrx_word' id='word_1_177' title='bbox 1099 2415 1180 2514; x_wconf 89' lang='lat' dir='ltr'>quid</span> <span class='ocrx_word' id='word_1_178' title='bbox 1201 2417 1237 2479; x_wconf 92' lang='lat' dir='ltr'>in</span> <span class='ocrx_word' id='word_1_179' title='bbox 1259 2436 1295 2480; x_wconf 89' lang='lat' dir='ltr'>ea</span> <span class='ocrx_word' id='word_1_180' title='bbox 1316 2421 1357 2477; x_wconf 87' lang='lat' dir='ltr'>sut</span> 
     </span>
     <span class='ocr_line' id='line_1_25' title="bbox 261 2497 1356 2584; baseline -0.004 -20"><span class='ocrx_word' id='word_1_181' title='bbox 261 2509 372 2565; x_wconf 87' lang='lat' dir='ltr'>contra</span> <span class='ocrx_word' id='word_1_182' title='bbox 393 2523 464 2565; x_wconf 89' lang='lat' dir='ltr'>eam</span> <span class='ocrx_word' id='word_1_183' title='bbox 487 2501 633 2565; x_wconf 88' lang='lat' dir='ltr'>sentiant.</span> <span class='ocrx_word' id='word_1_184' title='bbox 678 2497 852 2564; x_wconf 81' lang='lat' dir='ltr'>Si&#39;nullius</span> <span class='ocrx_word' id='word_1_185' title='bbox 882 2500 1079 2564; x_wconf 86' lang='lat' dir='ltr'>extrinsecus</span> <span class='ocrx_word' id='word_1_186' title='bbox 1106 2499 1242 2584; x_wconf 89' lang='lat' dir='ltr'>1ndiget,</span> <span class='ocrx_word' id='word_1_187' title='bbox 1270 2505 1356 2562; x_wconf 80' lang='lat' dir='ltr'>vestra</span> 
     </span>
     <span class='ocr_line' id='line_1_26' title="bbox 263 2579 1356 2670; baseline -0.004 -23"><span class='ocrx_word' id='word_1_188' title='bbox 263 2585 406 2648; x_wconf 90' lang='lat' dir='ltr'>omnium</span> <span class='ocrx_word' id='word_1_189' title='bbox 433 2584 600 2649; x_wconf 89' lang='lat' dir='ltr'>roboretur</span> <span class='ocrx_word' id='word_1_190' title='bbox 626 2584 865 2670; x_wconf 86' lang='lat' dir='ltr'>approbatione.</span> <span class='ocrx_word' id='word_1_191' title='bbox 915 2583 951 2647; x_wconf 89' lang='lat' dir='ltr'>Si</span> <span class='ocrx_word' id='word_1_192' title='bbox 971 2605 1046 2648; x_wconf 92' lang='lat' dir='ltr'>vero</span> <span class='ocrx_word' id='word_1_193' title='bbox 1077 2583 1269 2668; x_wconf 86' lang='lat' dir='ltr'>corrigenda</span> <span class='ocrx_word' id='word_1_194' title='bbox 1288 2579 1356 2645; x_wconf 85' lang='lat' dir='ltr'>virle-</span> 
     </span>
     <span class='ocr_line' id='line_1_27' title="bbox 262 2666 1356 2752; baseline -0.004 -21"><span class='ocrx_word' id='word_1_195' title='bbox 262 2667 358 2744; x_wconf 89' lang='lat' dir='ltr'>bitur,</span> <span class='ocrx_word' id='word_1_196' title='bbox 388 2667 578 2751; x_wconf 88' lang='lat' dir='ltr'>sapicntium</span> <span class='ocrx_word' id='word_1_197' title='bbox 604 2668 769 2732; x_wconf 86' lang='lat' dir='ltr'>sententiis</span> <span class='ocrx_word' id='word_1_198' title='bbox 795 2676 850 2731; x_wconf 86' lang='lat' dir='ltr'>aut</span> <span class='ocrx_word' id='word_1_199' title='bbox 870 2666 1069 2752; x_wconf 89' lang='lat' dir='ltr'>improbetur</span> <span class='ocrx_word' id='word_1_200' title='bbox 1089 2678 1146 2732; x_wconf 90' lang='lat' dir='ltr'>aut</span> <span class='ocrx_word' id='word_1_201' title='bbox 1167 2667 1210 2731; x_wconf 90' lang='lat' dir='ltr'>ad</span> <span class='ocrx_word' id='word_1_202' title='bbox 1232 2685 1356 2731; x_wconf 87' lang='lat' dir='ltr'>normam</span> 
     </span>
     <span class='ocr_line' id='line_1_28' title="bbox 262 2749 1357 2836; baseline -0.004 -24"><span class='ocrx_word' id='word_1_203' title='bbox 262 2749 435 2834; x_wconf 85' lang='lat' dir='ltr'>redigatur.</span> <span class='ocrx_word' id='word_1_204' title='bbox 490 2749 671 2836; x_wconf 74' lang='lat' dir='ltr'>Coramque</span> <span class='ocrx_word' id='word_1_205' title='bbox 693 2751 871 2815; x_wconf 60' lang='lat' dir='ltr'>deferatur&amp;</span> <span class='ocrx_word' id='word_1_206' title='bbox 891 2751 955 2814; x_wconf 88' lang='lat' dir='ltr'>iam</span> <span class='ocrx_word' id='word_1_207' title='bbox 977 2773 1063 2813; x_wconf 89' lang='lat' dir='ltr'>nuno</span> <span class='ocrx_word' id='word_1_208' title='bbox 1084 2749 1244 2815; x_wconf 88' lang='lat' dir='ltr'>videnda&#39;.</span> <span class='ocrx_word' id='word_1_209' title='bbox 1286 2749 1357 2813; x_wconf 84' lang='lat' dir='ltr'>Tunc</span> 
     </span>
     <span class='ocr_line' id='line_1_29' title="bbox 263 2831 1359 2931; baseline 0 -35"><span class='ocrx_word' id='word_1_210' title='bbox 263 2831 391 2896; x_wconf 86' lang='lat' dir='ltr'>Otrious</span> <span class='ocrx_word' id='word_1_211' title='bbox 413 2835 537 2898; x_wconf 82' lang='lat' dir='ltr'>samin</span> <span class='ocrx_word' id='word_1_212' title='bbox 559 2843 668 2931; x_wconf 87' lang='lat' dir='ltr'>aperto</span> <span class='ocrx_word' id='word_1_213' title='bbox 694 2835 867 2919; x_wconf 88' lang='lat' dir='ltr'>proferens,</span> <span class='ocrx_word' id='word_1_214' title='bbox 897 2857 917 2898; x_wconf 91' lang='lat' dir='ltr'>a</span> <span class='ocrx_word' id='word_1_215' title='bbox 939 2835 1095 2898; x_wconf 83' lang='lat' dir='ltr'>Gerbcrto</span> <span class='ocrx_word' id='word_1_216' title='bbox 1125 2835 1172 2897; x_wconf 89' lang='lat' dir='ltr'>sic</span> <span class='ocrx_word' id='word_1_217' title='bbox 1201 2834 1359 2898; x_wconf 84' lang='lat' dir='ltr'>ordinatam</span> 
     </span>
    </p>

    <p class='ocr_par' dir='ltr' id='par_1_5' title="bbox 144 2915 1359 3150">
     <span class='ocr_line' id='line_1_30' title="bbox 144 2915 1358 3005; baseline -0.005 -22"><span class='ocrx_word' id='word_1_218' title='bbox 144 2925 295 2984; x_wconf 65' lang='lat' dir='ltr'>&#39;rorsecet</span> <span class='ocrx_word' id='word_1_219' title='bbox 315 2937 334 2978; x_wconf 90' lang='lat' dir='ltr'>a</span> <span class='ocrx_word' id='word_1_220' title='bbox 356 2916 422 2979; x_wconf 89' lang='lat' dir='ltr'>suis</span> <span class='ocrx_word' id='word_1_221' title='bbox 451 2915 650 2980; x_wconf 70' lang='lat' dir='ltr'>auditor-rbus</span> <span class='ocrx_word' id='word_1_222' title='bbox 679 2940 758 2982; x_wconf 90' lang='lat' dir='ltr'>exce</span> <span class='ocrx_word' id='word_1_223' title='bbox 783 2929 847 2982; x_wconf 86' lang='lat' dir='ltr'>tam</span> <span class='ocrx_word' id='word_1_224' title='bbox 875 2919 1090 3005; x_wconf 88' lang='lat' dir='ltr'>scriptamque</span> <span class='ocrx_word' id='word_1_225' title='bbox 1118 2918 1300 3004; x_wconf 68' lang='lat' dir='ltr'>respondit,</span> <span class='ocrx_word' id='word_1_226' title='bbox 1322 2917 1358 2977; x_wconf 79' lang='lat' dir='ltr'>*et</span> 
     </span>
     <span class='ocr_line' id='line_1_31' title="bbox 147 2941 1359 3150; baseline 0 -89"><span class='ocrx_word' id='word_1_227' title='bbox 147 3015 184 3070; x_wconf 68' lang='grc' dir='ltr'>ἰ».</span> <span class='ocrx_word' id='word_1_228' title='bbox 202 3000 309 3063; x_wconf 77' lang='lat' dir='ltr'>orosio</span> <span class='ocrx_word' id='word_1_229' title='bbox 330 2999 447 3063; x_wconf 90' lang='lat' dir='ltr'>domno</span> <span class='ocrx_word' id='word_1_230' title='bbox 475 3021 516 3063; x_wconf 88' lang='lat' dir='ltr'>au</span> <span class='ocrx_word' id='word_1_231' title='bbox 540 3010 612 3064; x_wconf 88' lang='lat' dir='ltr'>usto</span> <span class='ocrx_word' id='word_1_232' title='bbox 643 2941 830 3086; x_wconf 78' lang='lat' dir='ltr'>*legendam</span> <span class='ocrx_word' id='word_1_233' title='bbox 851 3003 1003 3150; x_wconf 64' lang='lat' dir='ltr'>porrexit.</span> <span class='ocrx_word' id='word_1_234' title='bbox 1048 3001 1140 3081; x_wconf 75' lang='lat' dir='ltr'>Quae</span> <span class='ocrx_word' id='word_1_235' title='bbox 1168 3002 1308 3087; x_wconf 86' lang='lat' dir='ltr'>perlecta</span> <span class='ocrx_word' id='word_1_236' title='bbox 1327 2994 1359 3061; x_wconf 82' lang='lat' dir='ltr'>al</span> 
     </span>
    </p>
   </div>
   <div class='ocr_carea' id='block_1_5' title="bbox 263 3081 1359 3171">
    <p class='ocr_par' dir='ltr' id='par_1_6' title="bbox 263 3081 1359 3171">
     <span class='ocr_line' id='line_1_32' title="bbox 263 3081 1359 3171; baseline -0.003 -24"><span class='ocrx_word' id='word_1_237' title='bbox 263 3081 454 3148; x_wconf 82' lang='lat' dir='ltr'>Gerbertum</span> <span class='ocrx_word' id='word_1_238' title='bbox 485 3083 525 3148; x_wconf 91' lang='lat' dir='ltr'>de</span> <span class='ocrx_word' id='word_1_239' title='bbox 558 3096 590 3148; x_wconf 88' lang='lat' dir='ltr'>ta</span> <span class='ocrx_word' id='word_1_240' title='bbox 618 3094 674 3149; x_wconf 88' lang='lat' dir='ltr'>est.</span> <span class='ocrx_word' id='word_1_241' title='bbox 727 3085 792 3166; x_wconf 77' lang='lat' dir='ltr'>Qui</span> <span class='ocrx_word' id='word_1_242' title='bbox 819 3085 852 3148; x_wconf 93' lang='lat' dir='ltr'>di</span> <span class='ocrx_word' id='word_1_243' title='bbox 865 3087 987 3171; x_wconf 82' lang='lat' dir='ltr'>‘genter</span> <span class='ocrx_word' id='word_1_244' title='bbox 1017 3106 1088 3148; x_wconf 89' lang='lat' dir='ltr'>eam</span> <span class='ocrx_word' id='word_1_245' title='bbox 1114 3107 1312 3171; x_wconf 87' lang='lat' dir='ltr'>percurrens,</span> <span class='ocrx_word' id='word_1_246' title='bbox 1334 3102 1359 3144; x_wconf 89' lang='lat' dir='ltr'>m</span> 
     </span>
    </p>
   </div>
   <div class='ocr_carea' id='block_1_6' title="bbox 262 3166 1360 3333">
    <p class='ocr_par' dir='ltr' id='par_1_7' title="bbox 262 3166 1360 3333">
     <span class='ocr_line' id='line_1_33' title="bbox 262 3166 1360 3318; baseline -0.001 -88"><span class='ocrx_word' id='word_1_247' title='bbox 262 3178 353 3253; x_wconf 87' lang='lat' dir='ltr'>parte</span> <span class='ocrx_word' id='word_1_248' title='bbox 374 3169 532 3318; x_wconf 71' lang='lat' dir='ltr'>approbat</span> <span class='ocrx_word' id='word_1_249' title='bbox 553 3176 584 3233; x_wconf 90' lang='lat' dir='ltr'>et</span> <span class='ocrx_word' id='word_1_250' title='bbox 604 3169 748 3267; x_wconf 84' lang='lat' dir='ltr'>inparte</span> <span class='ocrx_word' id='word_1_251' title='bbox 769 3170 938 3256; x_wconf 89' lang='lat' dir='ltr'>vituperat,</span> <span class='ocrx_word' id='word_1_252' title='bbox 969 3166 1128 3254; x_wconf 89' lang='lat' dir='ltr'>simulque</span> <span class='ocrx_word' id='word_1_253' title='bbox 1150 3191 1217 3232; x_wconf 91' lang='lat' dir='ltr'>non</span> <span class='ocrx_word' id='word_1_254' title='bbox 1240 3170 1360 3233; x_wconf 83' lang='lat' dir='ltr'>siccam</span> 
     </span>
     <span class='ocr_line' id='line_1_34' title="bbox 263 3264 680 3333; baseline 0 -17"><span class='ocrx_word' id='word_1_255' title='bbox 263 3274 331 3333; x_wconf 87' lang='lat' dir='ltr'>sese</span> <span class='ocrx_word' id='word_1_256' title='bbox 353 3273 389 3316; x_wconf 93' lang='lat' dir='ltr'>or</span> <span class='ocrx_word' id='word_1_257' title='bbox 412 3274 516 3317; x_wconf 89' lang='lat' dir='ltr'>masse</span> <span class='ocrx_word' id='word_1_258' title='bbox 537 3264 680 3318; x_wconf 76' lang='lat' dir='ltr'>asseruit.</span> 
     </span>
    </p>
   </div>
   <div class='ocr_carea' id='block_1_7' title="bbox 366 3371 1281 3458">
    <p class='ocr_par' dir='ltr' id='par_1_8' title="bbox 366 3371 1281 3458">
     <span class='ocr_line' id='line_1_35' title="bbox 366 3371 1281 3458; baseline -0.001 -20"><span class='ocrx_word' id='word_1_259' title='bbox 366 3373 417 3438; x_wconf 82' lang='lat'>59.</span> <span class='ocrx_word' id='word_1_260' title='bbox 460 3373 588 3437; x_wconf 86' lang='lat' dir='ltr'>Divisio</span> <span class='ocrx_word' id='word_1_261' title='bbox 610 3371 826 3437; x_wconf 81' lang='lat' dir='ltr'>theoreticaell</span> <span class='ocrx_word' id='word_1_262' title='bbox 848 3371 1067 3458; x_wconf 89' lang='lat' dir='ltr'>philosophiae</span> <span class='ocrx_word' id='word_1_263' title='bbox 1088 3372 1122 3434; x_wconf 91' lang='lat' dir='ltr'>in</span> <span class='ocrx_word' id='word_1_264' title='bbox 1143 3373 1281 3458; x_wconf 87' lang='lat' dir='ltr'>species.</span> 
     </span>
    </p>
   </div>
   <div class='ocr_carea' id='block_1_8' title="bbox 262 3474 1365 3908">
    <p class='ocr_par' dir='ltr' id='par_1_9' title="bbox 262 3474 1363 3727">
     <span class='ocr_line' id='line_1_36' title="bbox 345 3474 1362 3561; baseline -0.008 -21"><span class='ocrx_word' id='word_1_265' title='bbox 345 3475 489 3561; x_wconf 88' lang='lat' dir='ltr'>Rogatus</span> <span class='ocrx_word' id='word_1_266' title='bbox 511 3484 618 3540; x_wconf 88' lang='lat' dir='ltr'>autem</span> <span class='ocrx_word' id='word_1_267' title='bbox 639 3476 679 3540; x_wconf 89' lang='lat' dir='ltr'>ab</span> <span class='ocrx_word' id='word_1_268' title='bbox 702 3483 838 3558; x_wconf 89' lang='lat' dir='ltr'>augusto</span> <span class='ocrx_word' id='word_1_269' title='bbox 865 3474 1032 3558; x_wconf 90' lang='lat' dir='ltr'>corrigere,</span> <span class='ocrx_word' id='word_1_270' title='bbox 1061 3474 1119 3538; x_wconf 91' lang='lat' dir='ltr'>ait:</span> <span class='ocrx_word' id='word_1_271' title='bbox 1153 3474 1362 3554; x_wconf 72' lang='lat' dir='ltr'>‘Quoniamo</span> 
     </span>
     <span class='ocr_line' id='line_1_37' title="bbox 262 3553 1362 3644; baseline 0.001 -23"><span class='ocrx_word' id='word_1_272' title='bbox 262 3581 377 3644; x_wconf 89' lang='lat' dir='ltr'>magne</span> <span class='ocrx_word' id='word_1_273' title='bbox 400 3581 509 3624; x_wconf 89' lang='lat' dir='ltr'>caesar</span> <span class='ocrx_word' id='word_1_274' title='bbox 535 3567 680 3643; x_wconf 89' lang='lat' dir='ltr'>auguste,</span> <span class='ocrx_word' id='word_1_275' title='bbox 708 3568 739 3622; x_wconf 88' lang='lat' dir='ltr'>te</span> <span class='ocrx_word' id='word_1_276' title='bbox 760 3558 809 3621; x_wconf 88' lang='lat' dir='ltr'>his</span> <span class='ocrx_word' id='word_1_277' title='bbox 832 3557 980 3622; x_wconf 88' lang='lat' dir='ltr'>omnibus</span> <span class='ocrx_word' id='word_1_278' title='bbox 1001 3557 1158 3642; x_wconf 87' lang='lat' dir='ltr'>potiorem</span> <span class='ocrx_word' id='word_1_279' title='bbox 1179 3557 1286 3640; x_wconf 91' lang='lat' dir='ltr'>video,</span> <span class='ocrx_word' id='word_1_280' title='bbox 1305 3553 1362 3632; x_wconf 71' lang='lat' dir='ltr'>tuis,</span> 
     </span>
     <span class='ocr_line' id='line_1_38' title="bbox 262 3639 1363 3727; baseline -0.003 -23"><span class='ocrx_word' id='word_1_281' title='bbox 262 3652 298 3705; x_wconf 93' lang='lat' dir='ltr'>ut</span> <span class='ocrx_word' id='word_1_282' title='bbox 312 3664 371 3727; x_wconf 87' lang='lat' dir='ltr'>par</span> <span class='ocrx_word' id='word_1_283' title='bbox 386 3653 442 3723; x_wconf 89' lang='lat' dir='ltr'>est,</span> <span class='ocrx_word' id='word_1_284' title='bbox 464 3644 560 3706; x_wconf 86' lang='lat' dir='ltr'>iussis</span> <span class='ocrx_word' id='word_1_285' title='bbox 574 3642 704 3727; x_wconf 91' lang='lat' dir='ltr'>parebo.</span> <span class='ocrx_word' id='word_1_286' title='bbox 740 3641 808 3706; x_wconf 84' lang='lat' dir='ltr'>Nec</span> <span class='ocrx_word' id='word_1_287' title='bbox 830 3641 971 3706; x_wconf 89' lang='lat' dir='ltr'>movebit</span> <span class='ocrx_word' id='word_1_288' title='bbox 985 3663 1036 3705; x_wconf 92' lang='lat' dir='ltr'>me</span> <span class='ocrx_word' id='word_1_289' title='bbox 1051 3639 1275 3706; x_wconf 90' lang='lat' dir='ltr'>malivolorum</span> <span class='ocrx_word' id='word_1_290' title='bbox 1289 3640 1363 3716; x_wconf 88' lang='lat' dir='ltr'>livor,</span> 
     </span>
    </p>

    <p class='ocr_par' dir='ltr' id='par_1_10' title="bbox 262 3723 1365 3908">
     <span class='ocr_line' id='line_1_39' title="bbox 284 3723 1364 3823; baseline -0.002 -36"><span class='ocrx_word' id='word_1_291' title='bbox 284 3747 399 3788; x_wconf 91' lang='lat' dir='ltr'>uorum</span> <span class='ocrx_word' id='word_1_292' title='bbox 425 3727 576 3788; x_wconf 87' lang='lat' dir='ltr'>instinctu</span> <span class='ocrx_word' id='word_1_293' title='bbox 602 3726 635 3789; x_wconf 92' lang='lat' dir='ltr'>id</span> <span class='ocrx_word' id='word_1_294' title='bbox 656 3725 776 3789; x_wconf 83' lang='lat' dir='ltr'>factum</span> <span class='ocrx_word' id='word_1_295' title='bbox 798 3734 858 3807; x_wconf 89' lang='lat' dir='ltr'>est,</span> <span class='ocrx_word' id='word_1_296' title='bbox 889 3735 926 3789; x_wconf 90' lang='lat' dir='ltr'>ut</span> <span class='ocrx_word' id='word_1_297' title='bbox 952 3725 1130 3790; x_wconf 88' lang='lat' dir='ltr'>rectissima</span> <span class='ocrx_word' id='word_1_298' title='bbox 1156 3723 1364 3823; x_wconf 83' lang='lat' dir='ltr'>philosophiae</span> 
     </span>
     <span class='ocr_line' id='line_1_40' title="bbox 262 3747 1365 3908; baseline -0.002 -38"><span class='ocrx_word' id='word_1_299' title='bbox 262 3747 388 3888; x_wconf 81' lang='lat' dir='ltr'>divisio,</span> <span class='ocrx_word' id='word_1_300' title='bbox 410 3807 618 3893; x_wconf 88' lang='lat' dir='ltr'>probabiliter</span> <span class='ocrx_word' id='word_1_301' title='bbox 640 3808 841 3908; x_wconf 87' lang='lat' dir='ltr'>dilucideque</span> <span class='ocrx_word' id='word_1_302' title='bbox 863 3830 883 3871; x_wconf 88' lang='lat' dir='ltr'>a</span> <span class='ocrx_word' id='word_1_303' title='bbox 904 3830 955 3872; x_wconf 88' lang='lat' dir='ltr'>me</span> <span class='ocrx_word' id='word_1_304' title='bbox 977 3830 1078 3893; x_wconf 91' lang='lat' dir='ltr'>nuper</span> <span class='ocrx_word' id='word_1_305' title='bbox 1100 3807 1259 3892; x_wconf 77' lang='lat' dir='ltr'>ordinata,</span> <span class='ocrx_word' id='word_1_306' title='bbox 1285 3807 1365 3872; x_wconf 89' lang='lat' dir='ltr'>unius</span> 
     </span>
    </p>
   </div>
   <div class='ocr_carea' id='block_1_9' title="bbox 263 3891 1365 3977">
    <p class='ocr_par' dir='ltr' id='par_1_11' title="bbox 263 3891 1365 3977">
     <span class='ocr_line' id='line_1_41' title="bbox 263 3891 1365 3977; baseline 0.002 -25"><span class='ocrx_word' id='word_1_307' title='bbox 263 3891 380 3974; x_wconf 88' lang='lat' dir='ltr'>speciei</span> <span class='ocrx_word' id='word_1_308' title='bbox 401 3891 620 3976; x_wconf 89' lang='lat' dir='ltr'>suppositione</span> <span class='ocrx_word' id='word_1_309' title='bbox 641 3894 752 3956; x_wconf 88' lang='lat' dir='ltr'>vitiata</span> <span class='ocrx_word' id='word_1_310' title='bbox 774 3896 842 3956; x_wconf 84' lang='lat' dir='ltr'>srt*.</span> <span class='ocrx_word' id='word_1_311' title='bbox 879 3892 963 3956; x_wconf 87' lang='lat' dir='ltr'>Dico</span> <span class='ocrx_word' id='word_1_312' title='bbox 975 3893 1092 3977; x_wconf 87' lang='lat' dir='ltr'>itaque,</span> <span class='ocrx_word' id='word_1_313' title='bbox 1108 3892 1365 3968; x_wconf 86' lang='lat' dir='ltr'>mathematicam,</span> 
     </span>
    </p>
   </div>
   <div class='ocr_carea' id='block_1_10' title="bbox 337 4031 1366 4160">
    <p class='ocr_par' dir='ltr' id='par_1_12' title="bbox 337 4031 1366 4160">
     <span class='ocr_line' id='line_1_42' title="bbox 337 4031 1366 4103; baseline 0.003 -20"><span class='ocrx_word' id='word_1_314' title='bbox 337 4031 360 4098; x_wconf 85' lang='lat'>*)</span> <span class='ocrx_word' id='word_1_315' title='bbox 388 4034 448 4084; x_wconf 89' lang='lat' dir='ltr'>Non</span> <span class='ocrx_word' id='word_1_316' title='bbox 474 4036 543 4084; x_wconf 88' lang='lat' dir='ltr'>enim</span> <span class='ocrx_word' id='word_1_317' title='bbox 569 4037 671 4100; x_wconf 84' lang='lat' dir='ltr'>ignoro,</span> <span class='ocrx_word' id='word_1_318' title='bbox 698 4050 891 4103; x_wconf 86' lang='lat' dir='ltr'>quemcumque</span> <span class='ocrx_word' id='word_1_319' title='bbox 911 4037 1008 4088; x_wconf 92' lang='lat' dir='ltr'>bonum</span> <span class='ocrx_word' id='word_1_320' title='bbox 1031 4036 1173 4088; x_wconf 86' lang='lat' dir='ltr'>calumniis</span> <span class='ocrx_word' id='word_1_321' title='bbox 1193 4037 1366 4090; x_wconf 82' lang='lat' dir='ltr'>malivolorum</span> 
     </span>
     <span class='ocr_line' id='line_1_43' title="bbox 391 4108 773 4160; baseline 0.01 -4"><span class='ocrx_word' id='word_1_322' title='bbox 391 4108 498 4158; x_wconf 83' lang='lat' dir='ltr'>assiduo</span> <span class='ocrx_word' id='word_1_323' title='bbox 517 4109 644 4158; x_wconf 84' lang='lat' dir='ltr'>insectari</span> <span class='ocrx_word' id='word_1_324' title='bbox 663 4110 728 4160; x_wconf 83' lang='lat' dir='ltr'>adol.</span> <span class='ocrx_word' id='word_1_325' title='bbox 750 4111 773 4160; x_wconf 93' lang='lat'>1.</span> 
     </span>
    </p>
   </div>
   <div class='ocr_carea' id='block_1_11' title="bbox 322 4213 1368 4271">
    <p class='ocr_par' dir='ltr' id='par_1_13' title="bbox 322 4213 1368 4271">
     <span class='ocr_line' id='line_1_44' title="bbox 322 4213 1368 4271; baseline 0.002 -17"><span class='ocrx_word' id='word_1_326' title='bbox 322 4213 345 4266; x_wconf 79' lang='lat' dir='ltr'>a)</span> <span class='ocrx_word' id='word_1_327' title='bbox 361 4225 440 4255; x_wconf 88' lang='lat' dir='ltr'>eorum</span> <span class='ocrx_word' id='word_1_328' title='bbox 456 4217 588 4257; x_wconf 85' lang='lat' dir='ltr'>doctissimo</span> <span class='ocrx_word' id='word_1_329' title='bbox 605 4220 624 4265; x_wconf 90' lang='lat'>1,</span> <span class='ocrx_word' id='word_1_330' title='bbox 641 4229 698 4260; x_wconf 81' lang='lat' dir='ltr'>corr.</span> <span class='ocrx_word' id='word_1_331' title='bbox 716 4221 736 4258; x_wconf 79' lang='lat'>2.</span> <span class='ocrx_word' id='word_1_332' title='bbox 803 4217 827 4271; x_wconf 90' lang='lat' dir='ltr'>b)</span> <span class='ocrx_word' id='word_1_333' title='bbox 840 4224 890 4268; x_wconf 77' lang='lat' dir='ltr'>post</span> <span class='ocrx_word' id='word_1_334' title='bbox 906 4219 957 4260; x_wconf 79' lang='lat' dir='ltr'>odd.</span> <span class='ocrx_word' id='word_1_335' title='bbox 1018 4216 1039 4269; x_wconf 87' lang='lat' dir='ltr'>c)</span> <span class='ocrx_word' id='word_1_336' title='bbox 1056 4217 1080 4257; x_wconf 91' lang='lat' dir='ltr'>hi</span> <span class='ocrx_word' id='word_1_337' title='bbox 1096 4227 1177 4258; x_wconf 87' lang='lat' dir='ltr'>omncs</span> <span class='ocrx_word' id='word_1_338' title='bbox 1194 4221 1253 4262; x_wconf 82' lang='lat' dir='ltr'>inssi</span> <span class='ocrx_word' id='word_1_339' title='bbox 1269 4217 1368 4262; x_wconf 79' lang='lat' dir='ltr'>consoda-</span> 
     </span>
    </p>
   </div>
   <div class='ocr_carea' id='block_1_12' title="bbox 263 4272 1370 4383">
    <p class='ocr_par' dir='ltr' id='par_1_14' title="bbox 263 4272 1370 4383">
     <span class='ocr_line' id='line_1_45' title="bbox 263 4272 1370 4383; baseline 0.004 -71"><span class='ocrx_word' id='word_1_340' title='bbox 263 4276 317 4383; x_wconf 52' lang='lat' dir='ltr'>{qnt</span> <span class='ocrx_word' id='word_1_341' title='bbox 333 4275 374 4372; x_wconf 57' lang='lat' dir='ltr'>Lb</span> <span class='ocrx_word' id='word_1_342' title='bbox 412 4272 435 4326; x_wconf 90' lang='lat' dir='ltr'>d)</span> <span class='ocrx_word' id='word_1_343' title='bbox 452 4277 510 4316; x_wconf 88' lang='lat' dir='ltr'>sil.</span> <span class='ocrx_word' id='word_1_344' title='bbox 571 4274 593 4328; x_wconf 89' lang='lat' dir='ltr'>e)</span> <span class='ocrx_word' id='word_1_345' title='bbox 611 4278 729 4319; x_wconf 83' lang='lat' dir='ltr'>ordinetur</span> <span class='ocrx_word' id='word_1_346' title='bbox 744 4281 768 4318; x_wconf 88' lang='lat' dir='ltr'>et</span> <span class='ocrx_word' id='word_1_347' title='bbox 784 4300 810 4308; x_wconf 96' lang='lat'>-</span> <span class='ocrx_word' id='word_1_348' title='bbox 827 4278 936 4319; x_wconf 83' lang='lat' dir='ltr'>efferatur</span> <span class='ocrx_word' id='word_1_349' title='bbox 952 4279 972 4318; x_wconf 88' lang='lat'>1.</span> <span class='ocrx_word' id='word_1_350' title='bbox 1026 4275 1175 4329; x_wconf 71' lang='lat' dir='ltr'>odesnntl.</span> <span class='ocrx_word' id='word_1_351' title='bbox 1227 4277 1370 4334; x_wconf 74' lang='lat' dir='ltr'>g)prolsr.l.</span> 
     </span>
     <span class='ocr_line' id='line_1_46' title="bbox 304 4342 405 4374; baseline 0 -1"><span class='ocrx_word' id='word_1_352' title='bbox 304 4342 331 4373; x_wconf 76' lang='lat' dir='ltr'>as</span> <span class='ocrx_word' id='word_1_353' title='bbox 347 4345 361 4374; x_wconf 80' lang='lat' dir='ltr'>a</span> <span class='ocrx_word' id='word_1_354' title='bbox 374 4344 405 4373; x_wconf 78' lang='lat' dir='ltr'>so.</span> 
     </span>
    </p>
   </div>
   <div class='ocr_carea' id='block_1_13' title="bbox 0 0 1424 4824">
    <p class='ocr_par' dir='ltr' id='par_1_15' title="bbox 0 0 1424 4824">
     <span class='ocr_line' id='line_1_47' title="bbox 0 0 1424 4824; baseline 0 0"><span class='ocrx_word' id='word_1_355' title='bbox 0 0 1424 4824; x_wconf 95' lang='lat' dir='ltr'> </span> 
     </span>
    </p>
   </div>
  </div>
 </body>
</html>
