2828 4814
261 363 312 413 178
497 362 650 414 RIOHERI
669 361 922 413 HISTORJARUM
941 363 1051 413 LIBER
1069 361 1138 415 ΙΙΙΙ.

196 531 303 594 neeis
325 531 483 611 intererat,
507 528 601 593 simul
622 538 801 615 surgentes,
823 550 993 615 orsumque
1016 515 1154 611 seducti,
1178 531 1299 616 quida
1324 555 1373 596 en·

155 606 208 649 ¹¹¹²
223 606 245 646 ²·
257 614 332 678 dum
355 614 430 678 inde
451 622 543 696 esset,
565 612 796 678 deliberabant.¹
835 613 878 676 Et
898 623 972 760 post
985 612 1152 698 paululum
1170 616 1279 700 ipsum
1329 637 1371 679 er·

256 695 382 761 bertum
403 698 547 761 invitant.
597 696 659 760 Oui
681 719 754 760 cum
800 707 865 761 osta
887 698 1008 782 aiquot
1030 719 1190 762 sermones
1212 720 1232 760 a
1256 699 1370 763 domno

256 803 343 866 papa
365 803 480 866 corpus
508 792 540 844 et
568 782 756 865 sanguinem
812 781 911 844 omini
939 801 977 843 ae
1006 781 1200 846 sacerdotale
1231 783 1368 846 officium

256 864 315 927 sub
338 866 498 949 presentia
519 864 617 949 legati
637 862 807 949 prohibere
829 862 954 946 vellent,
975 862 1028 928 ille
1043 886 1121 928 mox
1137 887 1179 928 ex
1193 865 1369 930 canonibus

138 1032 177 1086 ⁸9·
194 1035 245 1078 ⁶5⁶·
372 1039 469 1091 Sedem
489 1045 578 1089 autem
596 1039 752 1105 populorum
773 1038 941 1088 multitudine
961 1039 1095 1103 refertam,
1115 1039 1220 1090 advena
1234 1046 1261 1090 et
1280 1039 1368 1106 ‘pere-

372 1115 476 1178 grinus,
503 1112 582 1162 nullis
606 1113 689 1162 fretus
715 1110 823 1177 opibus,
850 1111 996 1177 pervadere
1023 1113 1069 1178 qui
1096 1113 1190 1178 potui?
1221 1113 1276 1163 Sed
1302 1113 1368 1164 forte

372 1185 521 1251 apostolica
539 1185 618 1236 sedes
638 1186 714 1235 nobis
735 1185 890 1250 opponitur,
915 1190 1051 1250 tamquam
1077 1201 1110 1235 ea
1133 1185 1285 1236 inconsulta
1300 1202 1367 1236 surn-

371 1275 442 1309 mum
455 1259 506 1308 hoc
519 1260 661 1324 negocium
676 1258 823 1308 discussum
837 1258 879 1319 sit,
898 1258 942 1307 vel
955 1259 1114 1321 ignorantia,
1134 1258 1177 1308 vel
1192 1261 1366 1309 contumacia.

372 1330 450 1381 Certe
469 1331 536 1381 nihil
555 1336 643 1381 actum
662 1331 706 1381 vel
725 1330 858 1395 agendum
877 1330 935 1392 fuit,
956 1331 1027 1396 quod
1047 1331 1211 1397 apostolicae
1228 1332 1288 1382 sedi
1300 1331 1366 1381 rela-

371 1411 427 1455 tum
447 1419 499 1454 non
524 1404 611 1465 fuerit,
636 1403 746 1470 eiusque
772 1419 820 1468 per
846 1403 940 1453 decem
965 1409 991 1453 et
1016 1415 1076 1454 octo
1103 1420 1207 1454 menses
1228 1410 1367 1470 expectata

371 1478 511 1529 sententie.
551 1476 606 1527 Sed
627 1476 688 1526 dum
709 1477 743 1526 ab
767 1477 919 1526 hominibus
946 1476 1085 1526 consilium
1109 1493 1163 1527 non
1189 1479 1307 1543 capitur,
1333 1477 1367 1527 ad

91 1545 162 1589 Μ·
175 1547 241 1599 52²9·
369 1550 419 1600 filii
438 1551 491 1600 Dei
514 1551 712 1614 supereminens
739 1549 872 1614 eloquium
892 1551 1047 1599 recurritur:
1069 1548 1118 1601 “si
1137 1549 1255 1613 oculus”,
1274 1552 1368 1615 inquit,

371 1625 450 1674 “tuus
463 1622 630 1673 scandalizat
641 1622 685 1671 te''
706 1627 733 1672 et
744 1617 877 1688 reliquab.
916 1623 950 1672 Et
969 1622 1076 1672 fratrem
1092 1627 1258 1688 peccantem,
1280 1640 1367 1674 coram

314 1689 319 1697 ’
370 1696 483 1746 testibus
510 1710 652 1760 coramque
682 1694 799 1744 ecclesia
826 1696 1013 1745 commonitum
1040 1701 1067 1745 et
1091 1711 1145 1746 non
1170 1695 1367 1757 obaudientem,

91 1760 240 1814 mamill-
371 1769 491 1818 decernit
515 1767 667 1817 habendum
691 1771 826 1832 tamquam
853 1768 1008 1818 ethnicum⁰
1028 1773 1055 1818 et
1078 1769 1260 1834 publicanum.
1301 1769 1368 1820 (lon-

369 1847 463 1891 ventus
493 1855 556 1904 ergo
582 1839 707 1890 Arnulfus
736 1846 763 1890 et
791 1842 966 1891 commonitus
1001 1841 1096 1892 litteris
1130 1848 1157 1891 et
1185 1841 1284 1907 legatis
1314 1845 1365 1909 epi·

370 1929 511 1979 scaporum
531 1913 651 1975 Galliae,
675 1919 705 1962 ut
723 1928 739 1962 a
760 1920 855 1979 coepto
874 1914 960 1963 furore
981 1914 1121 1965 desisteret
1146 1920 1185 1975 et,
1216 1917 1239 1965 si
1257 1914 1367 1983 valeret,

371 2003 477 2053 quoquo
503 1986 582 2036 modo
610 2001 638 2036 se
663 2002 679 2035 a
704 1985 860 2051 perditionis
885 1984 987 2036 scelere
1012 1993 1152 2052 purgaret,
1178 1989 1241 2037 dum
1267 1991 1367 2039 monita

370 2059 488 2110 salubria
509 2060 663 2121 contemnit,
682 2060 788 2109 habitus
809 2065 849 2109 est
861 2064 996 2124 tamqnam
1017 2061 1139 2111 ethnicus
1159 2067 1186 2111 et
1198 2061 1367 2126 publicanus.

370 2133 428 2183 Neo
445 2139 536 2183 tamen
554 2132 655 2182 idcirco
676 2132 836 2182 diiudicatus
858 2137 887 2181 ut
909 2133 1030 2182 ethnicus
1050 2134 1084 2184 ob
1104 2135 1280 2183 reverentiam
1295 2134 1366 2185 sedis

371 2207 536 2272 apostolicae
556 2204 753 2270 sacerdotiique
773 2206 843 2254 sacri
860 2205 1016 2270 privilegia,
1042 2206 1090 2256 sed
1116 2223 1133 2256 a
1157 2223 1186 2256 se
1206 2209 1264 2272 ipso
1284 2209 1313 2256 in
1338 2223 1366 2258 se

369 2281 456 2346 ipsum
477 2279 653 2328 damnationis
673 2280 806 2328 sententia
823 2278 939 2343 prolata,
966 2279 1017 2328 hoc
1043 2279 1128 2329 solum
1154 2295 1214 2329 eum
1240 2282 1269 2328 in
1295 2282 1366 2330 omni

369 2355 426 2403 vita
445 2368 493 2402 sua
511 2351 632 2418 preclare
652 2353 739 2416 egisse
760 2351 936 2400 diiudicatum
956 2356 1009 2414 est,
1030 2353 1093 2417 qnia
1111 2353 1243 2416 nimirum,
1263 2355 1287 2403 si
1307 2369 1365 2403 eum

369 2441 398 2477 se
425 2427 484 2491 ipso
510 2427 653 2476 damnante
679 2425 799 2490 episcopi
823 2424 1006 2486 absolverent,
1029 2440 1144 2490 poenam
1169 2425 1280 2476 sceleris
1310 2428 1366 2476 eius

368 2499 543 2549 incurrerent.
585 2497 657 2560 “Si'',
676 2499 763 2562 inquit
781 2513 893 2562 magnus
906 2497 963 2546 Leo
982 2513 1062 2564 papa,
1082 2498 1192 2549 “ornnes
1210 2499 1366 2550 sacerdotes

371 2571 529 2622 otmundus
549 2572 679 2622 assentiat
698 2571 865 2630 damnandis,
886 2570 1021 2620 damnatio
1035 2573 1231 2622 consentientes
1244 2572 1365 2634 involvit,

370 2660 423 2694 non
460 2646 700 2711 prevaricationem
737 2659 880 2694 consensus
919 2642 1043 2694 absolvit.
1100 2645 1160 2694 Hoc
1192 2645 1262 2695 enim
1291 2646 1365 2695 Dens

370 2718 487 2767 omnium
505 2717 644 2776 indicavit,
664 2717 709 2780 qui
727 2722 885 2781 peccantem
897 2718 1024 2767 mundum
1037 2717 1158 2783 generali
1171 2717 1271 2767 diluvio
1285 2720 1365 2768 inter·

370 2788 459 2840 emit”.
496 2791 531 2838 Et
548 2805 620 2854 papa
640 2787 778 2839 Gelasins:
810 2789 908 2837 “Error
927 2791 973 2854 qui
992 2790 1076 2840 se'mel
1095 2796 1136 2840 est
1155 2806 1213 2840 cum
1234 2807 1283 2841 suo
1303 2806 1365 2840 auc·

368 2866 426 2911 tore
447 2860 594 2922 damnatus,
613 2862 641 2909 in
660 2861 790 2926 participe
811 2859 930 2926 quolibet
948 2878 1046 2927 pravae
1061 2865 1252 2914 communionis
1270 2863 1365 2913 effecto

368 2935 563 2983 execrationem
588 2935 630 2983 sui
655 2938 745 2998 gestat
770 2938 796 2983 et
823 2932 963 2999 poenam”.
1010 2936 1126 2986 Excluso
1155 2937 1247 3001 itaque
1274 2936 1322 2986 illo
1349 2953 1364 2985 a

367 3007 494 3056 Remensi
523 3006 653 3071 ecclesia,
678 3007 743 3056 mihi
767 3005 910 3056 reluctanti
940 3008 1104 3075 multumque
1131 3024 1251 3074 eaquae
1271 3025 1364 3075 passus

367 3095 425 3129 sum
445 3084 472 3129 et
491 3079 579 3130 adhue
597 3080 685 3146 patior
702 3079 863 3147 formidanti,
883 3096 900 3129 a
917 3080 1042 3132 fratribus
1061 3085 1127 3132 meis
1141 3081 1289 3132 Galliarum
1310 3084 1364 3148 epi-

367 3153 456 3217 scopis
485 3152 536 3203 hoc
564 3153 649 3204 honus
678 3153 822 3203 sacerdotii
849 3153 898 3203 sub
928 3153 1012 3203 divini
1040 3155 1153 3204 nominis
1185 3155 1363 3206 obtestatione

367 3226 519 3290 impositum
539 3230 587 3278 est.
625 3225 702 3288 Quod
722 3227 745 3276 si
763 3226 829 3276 forte
848 3241 867 3274 a
885 3228 968 3276 sacris
986 3226 1092 3292 legibus
1112 3228 1249 3294 quippiam
1274 3228 1363 3278 devia·

366 3303 422 3348 tum
448 3303 503 3362 est,
529 3314 582 3348 non
606 3298 635 3348 id
655 3299 777 3361 malicia,
802 3298 851 3348 sed
875 3300 1001 3364 temporis
1026 3301 1180 3365 importavit
1208 3303 1363 3353 necessitas.

365 3371 493 3436 Alioquin
511 3377 631 3438 tempore
650 3370 740 3422 hostili
756 3386 834 3421 omne
852 3372 893 3421 ius
913 3387 1044 3436 omneque
1057 3370 1159 3422 licitum
1174 3388 1280 3434 cavere,
1300 3374 1365 3439 quid

367 3449 408 3495 est
426 3443 499 3494 aliud
520 3461 598 3510 quam
619 3447 731 3510 patriam
750 3443 862 3510 perdere
883 3448 910 3493 et
928 3459 1023 3493 necem
1040 3444 1155 3496 inferre?
1185 3446 1272 3497 Silent
1291 3449 1363 3513 equi·

367 3517 427 3568 dem
455 3517 531 3583 leges
559 3520 629 3568 inter
656 3533 742 3580 arma;
772 3517 868 3581 quibus
892 3515 938 3566 ille
967 3517 1058 3568 feralis
1086 3519 1174 3568 bestia
1199 3515 1283 3571 Οάο(1
1306 3521 1364 3570 itae

366 3592 465 3642 abusus
485 3597 533 3656 est,
560 3597 589 3642 ut
616 3592 843 3640 reverentissimos
862 3589 1016 3641 sacerdotes
1036 3591 1089 3640 Dei
1109 3593 1185 3657 quasi
1204 3592 1271 3642 vilia
1289 3608 1362 3643 man·

366 3665 437 3729 cipia
458 3669 580 3729 caperet,
605 3679 656 3713 nec
682 3663 715 3713 ab
741 3664 806 3729 ipsis
831 3665 1008 3714 sacrosanctis
1038 3663 1166 3715 altaribus
1192 3671 1361 3732 temperaret,

367 3744 530 3788 commeatus
548 3736 671 3803 publicos
689 3734 896 3786 intercluderet'.

674 3844 762 3912 (105.)
798 3846 936 3911 Epilogus.

367 3934 468 3984 ‘Redeo
488 3935 522 3983 ad
542 3951 592 4002 me,
613 3937 820 3986 reverentissimi
839 3941 942 4002 patres,
963 3938 1006 3986 cui
1022 3935 1177 4002 specialiter
1196 3939 1230 3988 ob
1250 3939 1362 3989 salutem

365 4009 500 4071 pereuntis
519 4009 611 4074 populi
635 4011 770 4074 totiusque
795 4011 834 4058 rei
858 4008 981 4075 publicae
1009 4024 1098 4059 curam
1125 4026 1195 4060 mors
1222 4010 1362 4061 furibunda

367 4094 427 4128 cum
447 4080 568 4131 omnibus
587 4083 641 4132 suis
660 4083 781 4133 incubuit
801 4084 893 4148 copiis.
931 4082 1003 4131 Hinc
1028 4081 1086 4131 dira
1112 4088 1236 4146 egestas,
1256 4084 1360 4135 horreas

368 4157 394 4202 et
413 4154 559 4218 apothecas
578 4160 681 4204 armata
700 4171 780 4205 manu
799 4155 850 4205 sibi
868 4154 1000 4220 vindicat;
1019 4154 1094 4204 illinc
1114 4154 1177 4206 loris
1203 4156 1311 4221 gladius
1335 4159 1360 4205 et

305 4276 328 4330 a)
344 4279 433 4319 interl.
492 4277 516 4330 b)
533 4282 555 4319 te
571 4289 626 4318 erus
642 4290 702 4331 eum,
719 4285 742 4320 et
757 4282 843 4330 proiice
859 4283 923 4321 illum
940 4282 981 4320 abs
996 4285 1019 4322 te
1032 4282 1063 4323 ed.
1110 4280 1131 4334 c)
1146 4281 1268 4324 hetnicum
1284 4293 1357 4324 acsa-

245 4342 334 4379 stanter.
395 4336 418 4390 d)
436 4337 462 4377 0.
479 4348 514 4386 c.;
530 4338 583 4378 Otto
598 4337 630 4378 ed.
692 4337 713 4389 e)
730 4340 763 4379 ita
778 4341 820 4380 hoc
836 4345 938 4390 tempora
953 4352 968 4380 a
983 4341 1015 4382 ed.
