2820 4824
196 371 248 419 174
432 367 587 419 RIOHERI
605 364 859 419 HISTORIARUM
877 365 988 416 LIBER
1007 366 1077 425 1111,

135 551 185 594 aas.
194 535 347 602 dubitas?
391 533 478 614 Quid
505 556 581 619 ergo
609 543 657 598 est
684 533 804 598 credita
829 533 912 598 nolle
933 533 1084 616 reddere,
1112 536 1179 598 nisi
1207 545 1309 601 contra

195 642 286 704 reges
308 618 446 682 infausta
467 616 593 681 moliri?
634 617 886 682 Evidentissime
913 616 1010 682 fidem
1036 618 1214 704 abrupisti,
1242 641 1308 683 cum

195 702 284 789 apud
300 702 451 767 Ottonem
466 701 506 766 de
521 723 633 786 regum
646 701 778 766 interitu
799 703 942 766 tractasti
963 723 1140 788 eorumque
1162 701 1308 767 honorem

196 787 349 851 subruere
371 786 544 871 temptasti.
587 785 682 850 Unde
705 794 737 849 et
756 786 890 870 periurii
910 793 1001 850 reatu
1015 786 1179 851 detineris.
1216 787 1309 871 Lega

195 872 316 935 tionem
338 872 454 934 etiam³
476 879 641 954 tamquam
663 869 704 934 ab
727 871 772 932 eis
790 871 922 932 missam
937 869 1048 934 Ottoni
1065 871 1137 955 regi
1159 869 1309 955 pertulisti

196 975 235 1017 ae
249 952 337 1039 apud
352 975 425 1016 eum
440 951 549 1017 dolose
573 952 733 1034 ordinasti,
756 954 823 1017 uti
848 975 882 1016 se
904 974 976 1016 cum
993 955 1128 1039 paucis*
1152 954 1309 1018 adveniret

197 1047 229 1103 et
260 1036 396 1101 militum
431 1035 668 1101 multitudinem
703 1039 787 1100 nonb
823 975 917 1120 lbnge
953 1036 1139 1122 expeditam
1175 1037 1308 1102 haberet

196 1119 340 1205 Regibus
355 1143 417 1206 quo
442 1142 482 1183 ue
503 1121 619 1184 nostris
634 1119 816 1184 adversario
839 1141 912 1183 cum
933 1120 1048 1205 paucis
1063 1142 1233 1186 occurrere
1247 1144 1309 1185 sua·

196 1206 266 1269 sisti
288 1213 382 1290 atque
396 1206 428 1266 n‘
453 1203 475 1266 il
489 1203 565 1267 mali
580 1226 622 1266 ex
636 1204 697 1267 hoe
712 1213 943 1288 proventurum
962 1204 1176 1289 spopondisti.
1224 1205 1308 1268 Hane

199 1289 294 1353 etiam
318 1287 560 1352 collocutionem
587 1288 748 1372 utrimque
769 1286 937 1350 utillimam
958 1287 1041 1369 fieri,
1063 1287 1215 1371 dicebas,
1244 1310 1308 1352 eum

196 1371 254 1436 hos
277 1382 308 1436 et
328 1370 417 1436 illum
440 1371 479 1434 de
508 1371 731 1436 communibus
758 1380 790 1435 et
840 1371 950 1435 rivatis
976 1370 1197 1436 familiariter⁰
1224 1371 1308 1436 collo-

198 1465 326 1520 cuturos
348 1454 529 1519 simulabas.
571 1454 692 1519 Verum
713 1452 805 1518 aliter
849 1453 909 1518 tibi
929 1455 1033 1518 visum
1055 1465 1138 1537 erat,
1163 1477 1237 1519 cum
1257 1455 1309 1520 hoe

79 1554 118 1608 ‘1³-
136 1555 186 1598 6⁵4.
196 1538 269 1603 ideo
297 1537 539 1624 pretendebase,
565 1549 601 1603 ut
622 1539 662 1602 ab
686 1538 805 1603 Ottone
832 1561 908 1622 rege
929 1537 1097 1603 *dominos
1124 1549 1200 1604 tuos
1227 1561 1308 1624 reges

198 1621 425 1709 comprehendi
456 1621 577 1686 faceres
616 1644 817 1707 renumque
848 1623 1047 1686 Francorum
1073 1623 1109 1685 in
1140 1623 1192 1687 ius
1219 1622 1310 1686 illius‘

196 1705 442 1786 transfunderes,
464 1716 500 1769 ut
521 1715 555 1770 tu
577 1645 726 1770 videlicet
746 1706 920 1770 Remorum
942 1705 1218 1793 metropolitanus,
1244 1706 1308 1772 Odo

197 1810 273 1853 vero
295 1789 493 1852 Francorum
515 1789 583 1852 dux
603 1788 784 1854 haberetur.
831 1789 935 1888 quue
961 1799 1038 1854 tunc
1065 1789 1161 1854 nobis
1189 1791 1309 1855 omniuo

197 1873 310 1958 patuit,
333 1872 389 1936 sed
410 1873 452 1936 ad
472 1881 597 1958 tempus
619 1895 825 1958 suppressum
846 1874 916 1938 furt.
959 1874 1003 1938 Et
1025 1877 1043 1938 ὃ
1066 1895 1212 1939 summae
1228 1874 1308 1938 Divi·

198 1957 307 2020 nitatis
333 1957 568 2020 miserationem
597 1955 856 2039 inestimabilem,
887 1960 1013 2043 quantis
1042 1958 1182 2021 miseriis
1207 1959 1309 2043 erepti,

80 2060 137 2106 ⁸101.
152 2048 319 2126 aequante
334 2039 492 2104 *ludibrio
507 2040 663 2105 subtracti
678 2042 802 2105 sumus!
829 2042 931 2106 instat
951 2051 1088 2125 tempus,
1107 2062 1172 2126 quo
1188 2051 1309 2127 paratae

198 2124 332 2188 insidiae
363 2124 512 2188 effectum
539 2125 737 2210 promittunt.
790 2123 947 2273 Eprscopi
974 2126 1093 2190 etenim
1120 2127 1182 2190 sub
1211 2125 1308 2211 specie

197 2208 360 2294 religionis
382 2209 448 2272 acsi
469 2208 509 2272 de
530 2209 731 2294 promotione
752 2216 784 2273 et
804 2229 824 2271 a
847 2208 1027 2272 dicationess
1050 2207 1203 2272 Gerberti
1224 2218 1308 2295 atque

197 2291 324 2356 Arnulfi
345 2293 569 2378 episcoporum
593 2293 783 2390 quaesituri,
812 2293 975 2376 premissis
996 2292 1025 2357 le
1049 2293 1110 2355 atis
1132 2292 1308 2357 adveniunt

199 2375 275 2441 Otto
298 2398 425 2463 quoque
446 2399 505 2440 rex
525 2376 618 2441 Mett1
645 2375 745 2440 adest.
791 2372 822 2438 A
850 2397 913 2461 quo
941 2397 1006 2439 non
1026 2314 1129 2460 longe
1158 2377 1308 2440 exercitus

198 2459 348 2525 collectus
382 2460 575 2546 predicatur.
636 2458 672 2524 Si
702 2480 779 2543 ergo
807 2461 908 2540 imus,
937 2468 993 2523 aut
1018 2459 1240 2546 pugnabimus
1263 2467 1310 2524 aut

197 2545 370 2629 capiemur.
415 2543 547 2608 sivero
568 2544 755 2624 uenimus,
785 2543 918 2640 periurii
944 2564 1127 2628 arguemur.
1181 2543 1246 2609 Sed
1269 2545 1308 2606 ire

196 2649 288 2712 reges
309 2649 373 2690 non
395 2627 535 2713 expedit,
559 2649 596 2691 eo
620 2627 707 2712 quod
728 2624 863 2689 militum
885 2647 923 2690 co
947 2628 979 2690 ia
1000 2627 1165 2691 sufficiens
1188 2629 1233 2692 eis
1253 2647 1310 2690 non

198 2711 265 2806 sit..
297 2710 434 2773 Periurii
461 2733 537 2774 vero
563 2721 670 2775 reatus
700 2711 734 2773 in
760 2718 792 2774 te
820 2649 1025 2793 redundabit,
1059 2733 1133 2774 cum
1166 2721 1202 2776 tu
1233 2708 1308 2775 solus

196 2791 329 2876 regrbus
350 2793 466 2856 nesciis
487 2795 609 2857 iuratus
631 2792 692 2857 sis’.
762 2801 765 2806 '

283 2912 333 2975 98.
376 2910 431 2974 Ad
449 2910 529 2974 haec
556 2913 725 2999 episcopus
754 2912 962 2995 erubescens,
991 2911 1161 2979 obmutuit.
1214 2914 1308 2994 Quen

199 3016 273 3058 cum
296 3016 378 3057 unus
400 3015 530 3058 suorum
551 2994 601 3059 his
623 2998 810 3062 exterritum
831 2997 929 3080 vidit,
952 3007 1063 3062 contra
1083 2996 1166 3061 haec
1187 3019 1307 3083 respon-

198 3100 290 3142 surus
324 3081 462 3143 surrexit
494 3088 542 3143 et·
558 3080 605 3144 sic
633 3079 870 3145 oblocutoremll
904 3080 1037 3145 adorsus
1072 3089 1134 3146 est:
1181 3081 1308 3146 ‘Horum

198 3163 339 3226 omnium
358 3163 508 3246 obiector,
530 3164 608 3228 mihi
628 3163 800 3250 loquatur-t
843 3163 978 3247 Adsum,
1000 3165 1056 3250 qui
1096 3187 1132 3229 ro
1149 3166 1307 3229 criminato

196 3247 353 3313 rationem
373 3247 484 3311 reddo.
526 3247 619 3312 Unus
640 3256 765 3312 tantum
785 3247 864 3312 haec
878 3247 1027 3334 proferat.
1065 3187 1174 3335 &aput
1212 3267 1308 3334 uoquc

197 3353 291 3395 suum
311 3353 383 3395 meo
407 3331 534 3396 obiciat.
576 3333 678 3395 Arma
721 3352 825 3416 uoque
847 3333 943 3395 armis
965 3341 1139 3416 comparet.
1183 3270 1307 3398 llecnon

197 3425 228 3479 et
249 3416 333 3480 vires
354 3415 478 3480 viribus
500 3414 659 3483 conferat’.
729 3435 792 3478 unc
805 3437 864 3499 pro
883 3415 1012 3479 domino
1028 3437 1084 3479 suo
1103 3417 1307 3480 insanientem

197 3507 228 3563 et
238 3498 398 3564 fervidum
407 3499 585 3563 Landricus
600 3511 724 3564 comes¹
743 3498 789 3561 sic
806 3497 993 3585 alloquitur:
1023 3498 1063 3563 ‘0
1077 3501 1198 3585 optime
1213 3497 1305 3577 miles,

196 3581 309 3646 harum
335 3591 372 3646 ut
390 3582 484 3647 video
506 3582 667 3646 fraudium
717 3582 770 3646 eni
783 3603 821 3645 us
849 3604 882 3646 es
904 3585 1034 3666 ignarus
1042 3583 1068 3644 ¹³.
1111 3583 1214 3665 Quae,
1240 3581 1306 3644 licet

196 3677 228 3730 te
250 3667 425 3750 ignorante,
445 3676 555 3730 tamen
575 3676 611 3731 ut
631 3606 837 3752 predicantur
859 3667 1021 3752 quaesitae
1044 3677 1127 3731 sunt.
1167 3665 1260 3732 Unde
1280 3670 1307 3727 et

196 3759 341 3834 tempera
362 3750 522 3824 animum,
548 3750 660 3848 mitiga
680 3749 849 3814 fervorem.
891 3748 985 3813 Belli¹
1006 3751 1229 3814 necessitatem
1250 3767 1305 3811 non

196 3831 255 3896 tibi
275 3833 432 3917 imponas.
475 3833 548 3896 Non
568 3843 599 3898 te
621 3832 783 3918 impellas,
812 3832 898 3898 unde
927 3835 1089 3918 ingressus
1117 3833 1221 3898 redire
1248 3849 1305 3894 non

270 3971 294 4040 *)
314 3975 350 4025 ad
369 3974 458 4026 locum
479 3976 550 4042 quod
569 3977 719 4028 Mosomum
739 3977 890 4044 appellatur
908 3977 972 4030 cdd.
994 3979 1018 4031 1.

256 4080 279 4134 a)
296 4093 394 4132 namque
410 4085 431 4124 1.
496 4082 521 4135 b)
537 4096 560 4126 n.
577 4085 593 4126 1.
610 4086 660 4124 aliis
674 4087 825 4136 superscriptis
840 4087 935 4138 ductum,
950 4087 987 4126 sed
1001 4086 1044 4127 toa
1059 4088 1171 4138 emunata
1185 4086 1300 4125 ratbotus.

198 4141 218 4192 c)
235 4152 254 4183 c.
263 4143 278 4187 t.
290 4143 311 4184 1.
386 4139 409 4194 d)
427 4152 446 4182 a.
462 4143 486 4182 id
502 4145 522 4185 1.
603 4142 625 4196 e)
640 4145 781 4194 pretndebas
796 4157 815 4189 c.
894 4145 1023 4198 balterius
1038 4146 1171 4188 transfundi
1186 4145 1269 4185 taceres
1283 4140 1300 4178 l·

196 4198 219 4252 g)
237 4203 437 4252 espiscoporum
454 4201 481 4243 G.
499 4204 520 4245 1.
594 4201 618 4254 h)
635 4214 653 4243 s.
668 4205 759 4244 loeutus
774 4215 796 4246 ο.
814 4207 834 4246 1.
908 4201 926 4256 t)
943 4205 1049 4246 intendat
1065 4207 1087 4248 1.
1165 4201 1190 4255 k)
1205 4205 1303 4252 ignarum

196 4271 253 4302 corr.
270 4261 365 4310 ignarus
382 4262 403 4304 1.
461 4259 480 4314 l)
495 4261 530 4302 Ne
546 4261 626 4312 impon
640 4262 706 4302 sous
720 4267 822 4312 coeptum.

271 4354 300 4424 1)
319 4357 404 4409 Filius
423 4356 543 4410 Bodonis
564 4358 668 4410 comitis
686 4359 868 4412 Nivernensis.
