2820 4824
332 346 484 399 RICHERI
502 345 755 398 HISTORIARUM
773 345 884 396 LIBER
903 346 956 397 III.
1175 347 1210 397 89

184 515 214 580 6.
246 514 371 578 Interea
386 511 503 578 Ottone
524 535 599 611 rege
614 511 757 577 Bulizlao
774 511 991 577 Sarmatarum
1009 514 1078 599 regi
1092 513 1273 579 1111111111

96 598 254 664 inferente
267 610 286 680 ¹,
308 597 493 682 Regenerus
515 597 654 682 quidam,
678 620 772 683 quem
794 595 870 661 Otto
892 619 950 660 rex
971 596 1011 661 ob
1035 599 1210 663 custodiam

96 683 133 746 in
160 680 294 767 Belgica
320 680 491 762 dimiserat,
519 679 619 744 multa
648 702 729 766 quae
755 679 866 744 illicita
888 691 977 745 erant
997 683 1208 766 presumebat.

97 767 186 832 Inter
209 788 290 851 quae
311 764 405 830 aedes
426 765 530 849 regias
551 775 583 829 et
603 764 715 849 predia
735 763 857 848 regalia
872 763 996 829 Gerber
1018 787 1056 830 ae
1072 768 1210 852 reginae,

98 872 182 937 quae
196 850 230 912 in
244 847 377 934 Belgica
391 860 490 930 erant,
511 849 668 912 tirannica
682 849 880 912 temeritatea
895 787 1051 934 pervadit.
1087 852 1211 938 Regina

96 955 174 1000 vero
198 932 285 1018 apud
307 953 381 996 suos
403 932 442 996 de
464 931 644 1018 repetendis
671 930 791 1017 prediis
818 943 850 996 et
871 932 1002 997 aedibus
1024 935 1119 1019 regiis
1147 938 1210 1021 pri-

97 1019 201 1084 vatim
224 1015 400 1081 consultare
421 1037 485 1080 non
506 1014 635 1080 distulit.

185 1102 214 1184 l.
246 1101 335 1165 Inter
356 1122 435 1186 quos
458 1122 531 1164 cum
581 1101 670 1164 aterb
696 1122 786 1164 meus
813 1099 906 1163 huius
934 1101 981 1164 rei
1008 1100 1209 1186 dispositioni

97 1185 263 1251 videretur
276 1184 418 1266 idoneus,
434 1184 476 1248 ab
489 1206 527 1248 eo
542 1122 579 1248 il
591 1205 792 1268 summopere
808 1183 1018 1247 ordinandum
1032 1185 1208 1270 petebatur.
1243 1197 1246 1201 ’

99 1269 197 1350 Quod
221 1269 316 1333 etiam
337 1269 407 1354 ipse
435 1266 667 1354 disponendum
701 1268 893 1352 suscipiens:
938 1267 1068 1350 ί8111111,
1096 1270 1207 1355 inquit,

99 1359 169 1439 ‘per
191 1353 260 1416 dies
281 1352 402 1437 aliquot
422 1375 473 1416 me
494 1351 580 1416 istud
609 1374 650 1416 ex
673 1350 784 1415 lorare.
830 1351 874 1414 Et
895 1352 922 1415 si
944 1352 1072 1438 quidem
1094 1357 1209 1419 nostris

96 1437 221 1502 viribus
243 1437 277 1501 id
297 1458 357 1522 par
377 1435 480 1517 fuerit,
502 1434 615 1521 procul
657 1434 732 1499 ubio
761 1458 819 1521 per
847 1435 907 1499 hoc
935 1438 1088 1522 temporis
1116 1439 1209 1519 inter-

97 1519 220 1584 vallum
243 1518 538 1605 contemplabimur.
570 1518 624 1582 Ad
645 1518 708 1584 alia
728 1520 855 1584 interim
876 1541 932 1584 vos
954 1521 1042 1605 ipsos
1060 1521 1210 1587 conferte.

97 1603 183 1669 Illud
204 1613 328 1668 tantum
357 1627 377 1667 1
404 1603 517 1682 vobisc
544 1603 742 1689 expediatur,
769 1614 813 1684 ut,
841 1603 868 1666 si
896 1625 916 1666 1
942 1604 1014 1669 Dec
1040 1605 1132 1670 nobis
1161 1607 1208 1670 rei

97 1688 259 1774 gerendae
302 1688 498 1813 oportunitas
540 1687 733 1769 conferatur,
775 1687 861 1773 apud
902 1710 959 1753 vos
999 1687 1085 1753 nulla
1119 1712 1209 1755 mora

97 1771 310 1858 attemptandi
360 1793 441 1857 opus
461 1773 634 1836 habeatur'.
678 1770 733 1836 Sic
774 1793 878 1857 uoque
897 1793 917 1834 a
932 1795 1002 1838 sese
1017 1772 1112 1837 soluti
1126 1784 1209 1839 sunt.

184 1858 213 1921 8.
247 1856 342 1920 Pater
364 1878 452 1920 meus
473 1856 581 1941 itaque
603 1855 644 1918 11
666 1793 821 1953 oppidum
849 1856 1208 1954 111111118111811111ε

120 1939 186 2004 uod
209 1939 453 2004 11111111111111
474 1937 723 2021 Castrati-locr²,
745 1938 802 2002 ubi
823 1951 920 2004 etlam
941 1964 1024 2005 uxor
1046 1943 1114 2006 eius
1136 1965 1209 2006 cum

98 1961 226 2089 duobus
248 2023 321 2086 filiis
342 2025 450 2108 parvis
470 2023 664 2105 morabatur,
688 2022 844 2108 quosdam
865 2045 1006 2106 suorum,
1036 2047 1116 2110 quos
1137 2028 1211 2112 ipse

96 2110 132 2172 in
146 2107 336 2172 militaribus
351 2109 552 2187 instruxerat,
575 2107 691 2190 dirigit,
714 2107 790 2192 quis
811 2105 874 2170 loci
895 2106 1114 2172 habitudinem
1129 2109 1209 2174 mili·

97 2202 231 2278 tumque
267 2213 443 2272 numerum,
479 2213 585 2255 rerum
621 2193 717 2254 etiam
753 2190 913 2268 fortunam
948 2213 986 2254 ac
1016 2191 1208 2256 famulorum

98 2277 224 2342 exitum
244 2275 376 2360 vigilum
400 2298 440 2340 ue
466 2273 661 2358 diligentiam
685 2275 865 2338 cautissime
885 2275 1093 2339 considerent.
1133 2277 1211 2340 Pro-

97 2360 215 2425 cedunt
242 2361 351 2446 itaque
379 2297 444 2423 111
471 2368 593 2422 tantum
618 2359 651 2420 in
678 2356 789 2421 habitu
817 2360 1008 2443 paupertino
1035 2381 1073 2422 ac
1106 2382 1208 2446 usque

95 2444 139 2509 ad
162 2443 274 2529 oppidi
294 2453 420 2529 portam
441 2442 622 2509 deveniunt.
672 2442 928 2507 Exstruebantur
949 2453 1026 2507 tunc
1046 2445 1128 2507 muri
1149 2466 1208 2530 per

95 2527 169 2593 loca
201 2527 379 2613 potioribus
411 2527 575 2591 aedificiis.
625 2525 720 2590 Unde
753 2535 784 2590 et
814 2524 956 2612 lapidum
989 2529 1207 2614 caementique

95 2611 267 2698 portitores
282 2634 377 2696 saepe
397 2634 456 2697 per
475 2621 600 2709 portam
621 2633 637 2675 e
662 2608 865 2675 rediebantur
884 2610 1208 2699 regrediebanturque

96 2705 244 2782 presente
286 2697 361 2781 quill
400 2717 489 2780 operi
522 2633 713 2844 presidebat.
767 2694 895 2758 Adsunt
924 2694 1142 2781 exploratores
1177 2708 1208 2761 et

545 2801 578 2842 es
601 2779 737 2843 offerunt
762 2801 839 2844 sese.
882 2779 1089 2865 Deputantur
1110 2781 1206 2866 ope'ri.

96 2780 140 2844 ad
163 2779 428 2866 comportandum
454 2777 520 2877 lapi

95 2864 266 2950 Daturque
289 2865 333 2928 eis
357 2860 520 2942 clitellana
541 2872 658 2948 sporta.
701 2862 910 2949 Comportant
934 2865 1042 2949 itaque
1065 2885 1207 2930 caemen-

95 2959 167 3013 tum
195 2969 233 3010 ac
260 2946 399 3034 lapides,
428 2968 466 3010 ac
487 2968 635 3010 nummos
665 2947 808 3032 singulos
838 2947 954 3032 singuli
980 2948 1102 3013 indies
1124 2951 1206 3013 acci-

120 3033 200 3095 iunt.
246 3030 331 3096 Ante
360 3031 521 3094 dominam
550 3032 645 3094 etiam
672 3053 746 3094 cum
774 3029 899 3096 latomis
929 3040 960 3096 et
988 3033 1207 3098 caementariis

95 3054 148 3181 lis
181 3115 278 3180 cibati
310 3125 391 3196 sunt,
425 3115 568 3178 *curiose
601 3114 705 3177 omnia
738 3113 997 3200 contemplantes.
1047 3116 1272 3182 Dominae·r01.
1286 3139 1332 3182 ar.

95 3199 192 3264 etiam
208 3197 389 3264 cubiculum
411 3199 542 3284 eiusque
556 3207 702 3260 natorum
725 3197 958 3280 diverticulum,
981 3197 1037 3262 sed
1052 3208 1083 3263 11
1106 3199 1206 3262 famu-

93 3282 199 3348 lorum
222 3305 383 3368 egressum
398 3292 430 3347 et
454 3303 634 3366 regressum
656 3281 881 3366 actionumque
900 3290 1129 3366 tempestatem,
1151 3284 1207 3348 ubi

95 3368 193 3433 etiam
221 3366 376 3452 oppidum
406 3365 528 3429 insidiis
557 3366 659 3450 magis
687 3374 805 3450 pateat,
834 3363 933 3430 multa
955 3363 1206 3430 consideratione

119 3460 275 3516 eructant.
316 3451 361 3514 Et
389 3450 502 3515 diebus
530 3460 665 3535 quatuor
693 3450 882 3530 consumtis,
910 3449 976 3513 dies
1004 3448 1206 3514 imminebati

93 3474 268 3601 1111111111.
306 3533 422 3619 Sicque
444 3543 576 3619 accepta
596 3531 713 3598 laboris
734 3532 881 3597 mercede
890 3534 915 3614 ¹¹,
946 3533 987 3597 ab
1002 3552 1097 3616 opere
1112 3531 1207 3597 soluti

94 3628 178 3766 supt.
215 3619 361 3682 Redeunt
382 3618 489 3703 igitur,
512 3615 659 3682 omnibus
681 3616 862 3703 exploratis,
884 3637 922 3680 ac
943 3617 1026 3702 patri
1040 3638 1111 3680 meo
1130 3615 1206 3680 talia

92 3726 128 3768 re
143 3711 247 3768 erunt.

155 3827 178 3879 a)
196 3829 332 3868 crudelitate
350 3830 368 3868 1.
426 3826 450 3878 b)
467 3839 534 3878 111.
566 3829 609 3866 iam
624 3828 696 3876 prima
711 3839 778 3867 mana
793 3829 825 3867 hic
841 3833 859 3867 et
874 3829 898 3866 tn
913 3829 1054 3877 sequentihus.
1115 3827 1135 3879 c)
1144 3830 1205 3878 apud

93 3899 134 3928 vos
151 3891 173 3927 1.
235 3887 258 3938 d)
275 3888 385 3937 perflclen
400 3888 490 3926 scribere
505 3891 604 3935 coeptum.
666 3885 687 3936 e)
700 3893 750 3936 post
766 3888 816 3930 add.
875 3885 994 3938 Omonsl,
1011 3898 1084 3926 errore
1100 3890 1203 3938 auctoris,

95 3949 133 3996 qut
155 3947 203 3986 alia
225 3947 317 3986 scrihere
339 3947 412 3986 votuit.
486 3944 509 3995 g)
530 3957 551 3994 q.
572 3946 749 3994 diligentissime
770 3947 917 3986 considerent
933 3949 952 3987 1.
1028 3945 1052 3998 h)
1076 3957 1099 3995 p.
1125 3957 1204 3987 eorum

95 4007 191 4046 custode
209 4007 228 4045 1.
289 4005 306 4057 t)
324 4006 438 4045 1111111.
498 4002 523 4054 k)
540 4005 616 4053 operis
631 4005 709 4053 precio
726 4008 746 4045 1.

172 4098 199 4166 1)
219 4099 398 4152 Flodoardnm
419 4099 488 4150 male
506 4101 693 4166 interpretatus
713 4106 760 4161 est,
778 4102 823 4166 qni
843 4117 866 4150 a.
887 4101 949 4153 955.
969 4101 1003 4151 de
1024 4101 1093 4152 bello
1114 4106 1205 4151 contra

93 4175 229 4241 Ungarios
254 4175 288 4224 ab
315 4175 411 4225 Ottone
438 4189 497 4223 cum
522 4173 644 4223 Burisluo
668 4179 744 4238 gesto
769 4174 857 4224 refert.
917 4171 945 4239 2)
964 4175 1041 4224 Mons
1056 4173 1207 4235 eastriloci,

93 4249 181 4311 Mons,
201 4247 362 4297 Hannoniae
382 4253 469 4312 caput,
488 4246 603 4310 intelligi
621 4245 734 4297 videtur.
764 4246 818 4298 Sed
837 4245 915 4298 Flod.
934 4245 1101 4298 munitionem
1121 4263 1204 4310 quau·

93 4321 158 4372 dam
177 4336 257 4386 super
278 4317 392 4371 charum
403 4319 519 4386 fluvium
538 4335 598 4370 cum
616 4320 762 4386 Regenarii
780 4319 923 4371 infantibus
944 4326 1048 4386 captam
1065 4325 1161 4370 narrat.
