2820 4824
256 370 292 418 44
514 367 667 419 RICHERI
686 367 938 418 HISTORIARUM
956 366 1068 417 LIBER
1086 366 1127 417 11.

199 551 250 594 9³⁸.
261 533 370 598 Serlus
387 533 516 619 quidam
536 532 702 597 latrocinia
717 555 880 614 exercens,
902 531 967 596 illic
981 534 1127 617 receptui
1143 554 1220 597 sese
1236 533 1373 601 habebat

261 616 385 683 Cohors
418 638 494 701 ergo
527 617 682 702 oppidum
714 628 878 703 appetens,
914 615 1052 680 latrones
1083 616 1273 702 impugnat.
1321 619 1373 685 Nec

140 743 144 751 «
260 711 384 766 morata
404 703 438 764 vi
460 702 556 786 capit,
578 699 737 764 comburit
765 723 803 766 ac
826 699 960 764 subruit.
1002 699 1177 765 Latronem
1201 703 1372 801 principem

262 784 536 870 comprehensum,
560 784 700 848 dimissis
731 784 919 866 minoribus,
940 784 1010 868 regi
1032 783 1173 848 deducit.
1222 785 1292 865 Qur
1314 809 1371 851 cun

260 872 350 934 iussu
379 869 468 953 regio
496 867 683 952 gladiatoria
712 867 917 932 decollandus
946 866 1135 949 traderetur,
1163 868 1302 934 Artoldi
1326 871 1371 935 Re
1409 893 1410 898 ¹

260 976 385 1018 morum
412 951 649 1038 metropolitani
678 954 858 1017 interventu
888 952 1023 1037 gratiam
1052 951 1094 1016 ab
1123 973 1205 1037 rege
1239 954 1370 1035 obtinuit

260 1060 298 1101 ac
319 1060 388 1102 sese
409 1035 540 1100 ulterius
562 1058 626 1100 non
647 1035 907 1100 latrocinaturum
928 1036 1059 1113 iuratus,
1091 1033 1183 1099 abire
1208 1040 1370 1122 permissus

129 1125 317 1186 ⁸f⁰101⁶²est
362 1120 443 1184 *His
463 1121 509 1183 ita
530 1121 640 1205 gestis,
672 1143 731 1184 rex
752 1121 786 1183 in
807 1130 914 1205 partes
935 1117 1085 1203 Belgicae
1105 1120 1192 1184 mari
1217 1123 1370 1220 contigrus

260 1205 425 1286 concessit,
456 1204 612 1288 oppidum
640 1204 674 1266 in
702 1205 772 1288 ipso
802 1204 920 1266 marisb
977 1211 1049 1266 ortu
1080 1213 1257 1268 exstruere
1290 1227 1369 1269 msns.

261 1290 322 1355 Oui
345 1291 441 1354 ctiam
463 1287 535 1352 loco
559 1286 661 1351 Guiso
684 1297 732 1351 est
752 1299 897 1352 nomen1.
961 1298 1161 1372 xceptusque
1184 1287 1231 1353 ab
1253 1287 1369 1352 Arnnlfo

259 1375 400 1458 regionis
422 1370 506 1435 illius
527 1372 682 1456 principe,
712 1371 801 1458 apud
830 1393 903 1434 eum
925 1370 965 1434 de
988 1368 1101 1455 oppidi
1123 1372 1295 1438 erectione
1314 1394 1369 1458 age

259 1459 324 1523 bat.
367 1456 434 1520 Ubi
456 1455 534 1518 dum
556 1455 590 1517 in
610 1455 736 1539 agendo
757 1477 863 1520 moras
891 1454 1019 1536 faceret,
1051 1463 1195 1519 castrum
1219 1456 1368 1522 Remensir

258 1539 432 1606 aecclesiae
443 1538 571 1602 nomine
584 1537 794 1604 Causostem²
810 1560 902 1602 secus
913 1537 1047 1602 fluvium
1057 1537 1251 1603 Matronam
1263 1543 1369 1620 situm,

260 1624 301 1688 ab
317 1622 452 1688 Artoldo
499 1621 602 1686 resule
625 1623 756 1706 editum,
784 1621 973 1687 Heribertus
993 1620 1178 1707 proditione
1204 1623 1369 1710 ingreditur

260 1729 299 1770 ac
321 1709 417 1792 capit.
462 1644 645 1771 (iasnenses
669 1729 709 1770 ue
731 1706 896 1788 invadens,
929 1728 1038 1770 eorum
1090 1706 1213 1771 otiores
1246 1709 1369 1774 abducit

260 1791 349 1854 Rura
371 1792 620 1876 circumquaque
648 1730 862 1877 depopulatur
890 1810 928 1852 ac
950 1727 1134 1874 ingentibus
1184 1792 1277 1856 redis
1300 1792 1370 1892 oppi-

262 1875 338 1938 dum
360 1873 472 1960 implet
494 1885 620 1940 etcum
643 1877 740 1938 armis
762 1873 878 1938 milites
900 1872 946 1936 ibi
969 1873 1110 1960 deponit,
1133 1811 1182 1938 ali

1169 1875 1298 1941 ‘orsum
1318 1897 1371 1963 lpse

260 1958 422 2023 secedens.

544 2081 573 2144 9.
606 2079 678 2143 Rex
699 2077 848 2142 Lauduni
870 2099 975 2143 arcem
998 2078 1093 2162 capit.

344 2181 471 2246 Interea
498 2182 568 2266 regi
596 2181 637 2245 ab
666 2179 911 2266 metropolitano
939 2202 997 2265 per
1024 2177 1147 2263 legatos
1178 2183 1248 2248 ista
1279 2205 1375 2270 sugge

258 2277 381 2332 runtur.
419 2265 484 2346 Qui
506 2286 584 2328 mox
606 2276 754 2364 coeptum
776 2286 816 2327 ne
842 2265 941 2328 otium
961 2263 1188 2348 intermittens,
1214 2290 1278 2332 suo
1301 2267 1375 2332 auxi·

258 2350 392 2416 liaturus
413 2348 602 2434 regreditur.
630 2347 747 2412 Milites
770 2287 891 2433 colligit
904 2369 943 2411 ac
959 2347 1136 2411 exereitum
1158 2361 1272 2434 parat.
1307 2351 1375 2418 Cum

260 2456 322 2520 quo
358 2433 551 2496 Laudunum
587 2433 728 2512 veniens,
764 2453 872 2496 arcem
908 2430 948 2494 ab
985 2429 1158 2495 Heriberto
1199 2458 1310 2522 nuper
1341 2434 1375 2500 ibi

260 2526 457 2582 exstructam
487 2527 519 2580 et
545 2539 564 2579 a
586 2517 650 2578 suis
680 2515 785 2578 adhuc
813 2516 974 2580 detentam
1001 2512 1134 2578 obsidet.
1190 2519 1240 2584 At
1273 2520 1375 2606 quiin

260 2623 334 2663 arce
367 2609 456 2662 erant
488 2597 652 2662 rebellioni
684 2621 754 2662 sese
785 2608 907 2683 parant.
959 2599 1031 2662 Rex
1061 2619 1138 2682 ergo
1170 2603 1376 2668 circumcirca

261 2683 441 2766 sagittarios
471 2682 636 2764 adhibens,
665 2681 840 2747 missilibus
870 2684 1016 2748 evincere
1044 2681 1199 2748 instabat.
1253 2687 1296 2751 In
1324 2705 1375 2772 quo

260 2764 399 2829 tumultu
427 2767 502 2828 hinc
534 2765 609 2828 inde
642 2788 737 2851 quam
770 2766 877 2851 plures
910 2766 1043 2830 sauciati
1074 2765 1176 2850 fuere,
1213 2790 1292 2834 cum
1322 2790 1376 2834 non

260 2850 367 2911 minus
390 2849 444 2935 qui
465 2850 499 2912 in
520 2870 592 2912 arce
615 2860 704 2914 erant
725 2852 850 2935 sagittis
865 2850 999 2936 aliisque
1014 2848 1192 2915 missilibus
1207 2863 1376 2920 uterentur.

261 2932 333 2995 Rex
355 2955 430 3018 ergo
453 2955 527 2996 cum
547 2933 644 2998 finem
672 2934 881 3019 oppugnandi
910 2933 1056 2999 viribusd
1084 2955 1150 2997 non
1173 2935 1317 3020 fecisset,
1336 2938 1377 2998 in·

261 3017 392 3100 geniose
414 3038 468 3081 eos
490 3038 604 3102 capere
628 3017 797 3103 cogitabat.

592 3138 640 3201 10.
661 3137 829 3202 Machinae
852 3138 1050 3223 compositio.

343 3239 435 3304 Fecit
454 3240 562 3326 itaque
585 3263 626 3305 ex
640 3239 926 3305 vehementissimis
948 3241 1043 3325 lignis
1064 3243 1248 3326 compactis
1264 3240 1374 3306 machi·

259 3344 334 3386 nam
356 3325 457 3389 instar
477 3322 684 3408 longilaterae
706 3324 829 3404 domus,
855 3324 1025 3389 duodecim
1046 3324 1192 3388 virorum
1216 3346 1374 3412 capacem,

258 3407 389 3472 humani
411 3409 553 3494 corporis
575 3418 714 3472 staturae
736 3409 770 3471 in
784 3406 848 3473 alto
863 3407 1039 3494 aequalem.
1067 3406 1167 3472 Cuius
1182 3411 1328 3494 parietes
1341 3406 1374 3470 de

258 3493 380 3576 ingenti
401 3491 562 3577 lignorum
588 3493 713 3574 robore,
743 3503 863 3557 tectum
885 3514 960 3556 vero
991 3492 1031 3556 de
1052 3491 1141 3555 duris
1163 3513 1204 3555 ac
1226 3493 1374 3558 intextis

259 3576 399 3641 cratibus
422 3575 591 3640 exstruxit.
637 3574 697 3640 Oui
727 3576 822 3640 etiam
844 3577 1033 3640 intrinsecus
1054 3586 1142 3639 rotas
1164 3587 1310 3660 quatuor
1329 3573 1374 3639 ad·

258 3659 371 3741 hibuit,
402 3659 487 3723 unde
513 3659 661 3722 machina
687 3659 727 3723 ab
756 3660 796 3722 iis
824 3660 879 3745 qui
900 3661 1089 3724 intrinsecus
1117 3657 1257 3724 laterent
1279 3678 1375 3746 usquc

258 3742 301 3805 ad
322 3764 428 3806 arcem
449 3740 673 3828 impelleretur.
717 3743 761 3808 At
785 3751 906 3807 tectum
935 3765 1000 3807 non
1025 3764 1127 3828 aeque
1150 3751 1291 3808 stratum
1312 3741 1374 3822 fuit,

258 3847 371 3889 verum
404 3825 445 3889 ab
478 3828 625 3892 acumine
658 3827 773 3892 dextra
804 3825 940 3912 levaque
972 3824 1184 3912 dependebat,
1219 3838 1258 3893 ut
1291 3825 1375 3892 iactis

259 3907 422 3993 lapidibus
443 3909 567 3974 facilius
589 3911 715 3997 lapsum
737 3911 893 3996 preberet.
945 3909 1036 3990 Quae
1065 3919 1242 3993 exstructa,
1272 3909 1375 3976 tironi·

259 3990 320 4056 bus
342 4015 420 4056 mox
440 3993 572 4079 impleta
593 4005 642 4060 est
663 4018 702 4059 ac
723 3995 765 4059 ad
787 4017 894 4059 arcem
919 3996 998 4059 rotis
1026 3992 1201 4059 mobilibus
1230 3993 1374 4082 impulsa

318 4153 341 4207 a)
358 4157 403 4196 tori
418 4157 461 4197 tana
476 4159 516 4209 lapi
535 4161 616 4209 nequit.
683 4157 707 4210 b)
724 4160 794 4198 maris
811 4160 880 4199 situm
896 4157 1002 4211 li(tore?)
1020 4160 1040 4200 1.
1102 4155 1123 4208 c)
1140 4157 1181 4200 det.
1194 4159 1240 4200 aad.
1250 4161 1374 4199 restitutura.

259 4212 282 4264 d)
296 4220 347 4264 post
362 4216 412 4258 add.
473 4216 495 4270 e)
512 4220 603 4258 intectis
620 4230 676 4258 corr.
692 4219 795 4257 intextis.

334 4336 361 4406 1)
374 4341 457 4392 Visan
471 4343 527 4393 sive
540 4341 635 4391 Vitsan
649 4339 683 4389 ab
697 4330 837 4391 occidente
853 4339 940 4391 Caleti
953 4335 1080 4406 (Calais).
1127 4337 1157 4406 2)
1170 4339 1213 4391 La
1222 4338 1375 4393 Oliausstet
