2820 4824
200 377 251 426 164
437 372 589 425 RIOHERI
608 371 862 424 HISTORIARUM
881 369 993 421 LIBER
1012 371 1083 423 1111.

195 567 229 609 re
245 541 436 629 patrimonio
451 538 651 604 frustratur'?
684 538 728 602 Et
742 536 808 601 ille:
830 538 907 618 ‘Ita’,
923 538 1035 623 inquit.
1070 539 1125 604 ‘Et
1139 563 1207 605 non
1221 540 1309 605 solun

196 625 240 709 id,
263 624 320 689 sed
342 634 373 688 et
394 622 552 687 bonorum
574 623 753 707 desperatio
775 621 821 685 fit.
864 621 944 702 Quis
968 624 1054 685 enim
1076 625 1184 689 intera
1205 625 1308 710 prima-

197 720 245 774 tes
266 707 381 774 Odone
410 706 612 792 potentiorl‘?
655 706 736 786 Qms
758 706 845 769 omni
865 705 985 769 honore
1007 706 1172 790 dignior’?
1214 707 1306 794 Atque

197 792 238 857 ad
259 792 338 855 haec
358 793 432 855 iste:
456 791 519 871 (δῖ’,
541 791 654 875 inquit,
676 788 728 853 ‘ad
748 787 894 853 Odonem
915 793 1088 855 transverti
1106 790 1223 874 velles,
1244 815 1307 855 num

198 875 353 975 quidnam
374 873 521 959 ampliori
535 875 679 959 potentia
692 883 723 937 te
737 894 803 936 non
817 871 1054 937 sublimandum
1069 873 1248 940 arbitrare?
1280 874 1306 939 si

197 982 265 1025 elus
288 981 384 1040 esses,
407 962 475 1024 eius
497 959 565 1023 sine
588 956 685 1023 dubio
707 957 852 1042 gratiam,
875 955 1054 1040 consilium,
1078 960 1245 1105 supgetias
1264 959 1305 1023 ha·

197 1043 299 1108 beres.
348 1042 411 1106 Pro
444 1063 508 1105 uno
543 1051 645 1105 castro
678 1039 817 1126 plurima
847 1040 1037 1126 possideres,
1089 1043 1186 1107 Une
1215 1051 1245 1106 et
1268 1043 1305 1106 tui

197 1128 335 1192 nominis
356 1125 458 1212 gloria
480 1147 517 1190 eo
538 1124 671 1188 ulterius
696 1125 772 1205 iret,
816 1145 859 1187 uo
879 1122 1016 1209 amplius
1037 1125 1171 1189 honoris
1194 1123 1304 1189 culmen

196 1211 249 1276 adi
273 1212 437 1275 issereris’.
470 1208 528 1273 Ille
543 1229 635 1273 vero:
664 1147 871 1288 ‘Quomddo’,
893 1209 926 1270 in
951 1208 1006 1288 uit,
1029 1208 1165 1294 ‘absque
1186 1219 1303 1294 peccato

197 1303 229 1360 et
250 1234 406 1359 dedecore
427 1294 486 1357 hec
508 1292 578 1356 fieri
599 1313 693 1377 posse
715 1290 881 1355 confidis’?
924 1229 967 1354 lit
987 1293 1045 1356 iste
1068 1293 1192 1378 inquit:
1220 1292 1303 1357 ‘Situ

197 1400 272 1442 oum
301 1388 404 1442 castro
435 1375 543 1442 Odoni
575 1375 715 1457 confers,
750 1374 903 1461 quicquid
935 1374 1062 1440 sceleris
1094 1378 1188 1440 nasci
1215 1385 1302 1462 putas,

78 1480 120 1535 ἰ).
138 1484 189 1526 ers.
197 1484 305 1526 meum
326 1462 391 1544 fiat,
417 1483 524 1525 meum
548 1460 680 1525 dicatur.
723 1460 867 1523 Poenas⁰
888 1457 963 1522 inde
984 1458 1071 1522 luam
1101 1470 1134 1524 et
1156 1466 1302 1524 *summae

196 1545 367 1610 Divinitati
393 1545 549 1608 rationem
575 1543 719 1608 reddam.
771 1541 909 1607 Consule
936 1542 1095 1607 nobilitati
1125 1555 1209 1609 tuae.
1250 1545 1302 1608 Fac

197 1638 325 1694 tuarum
354 1650 461 1692 rerum
483 1635 699 1712 augmentum.
741 1626 843 1690 Instat
868 1634 1004 1724 tempus.
1050 1629 1259 1713 Oportunitas
1277 1626 1302 1690 id

198 1713 319 1793 suadet,
342 1733 415 1774 cum
436 1712 614 1795 inpotentia
634 1710 790 1796 regnandi
810 1732 869 1774 rex
884 1711 924 1775 sit
937 1709 1101 1858 ulqglorius,
1125 1721 1157 1776 et
1172 1711 1302 1776 Odonem

198 1796 382 1881 prosperior
404 1816 531 1879 semper
552 1804 702 1880 sequatur
724 1796 909 1858 successus'.
981 1816 997 1856 e
1019 1817 1129 1859 rerum
1148 1797 1302 1881 promissa·

197 1900 271 1942 rum
297 1877 444 1962 cupidus,
474 1887 708 1942 sacramentum
736 1877 824 1962 petit.
868 1877 933 1940 Iste
953 1877 1030 1942 facit
1056 1888 1088 1942 et
1109 1901 1170 1964 pro
1193 1878 1301 1965 agendo

198 1984 238 2025 ne
263 1961 328 2026 otio
349 1960 477 2026 obsides
501 1962 613 2048 querit.
645 1959 703 2025 Ille
724 1959 860 2024 multum
881 1960 1033 2025 honorem
1048 1984 1119 2027 sese
1135 1961 1302 2028 habiturum

198 1985 366 2128 arbitrans,
389 2043 517 2110 obsides
539 2045 614 2109 dare
635 2065 700 2108 non
726 2041 856 2108 distulit.
901 2043 990 2124 Quos
1013 2047 1072 2110 iste
1094 2046 1240 2133 receptos
1261 2045 1302 2109 do-

198 2152 288 2194 mum
309 2130 402 2194 duxit
423 2139 454 2194 et
476 2129 584 2195 Odoni
606 2129 713 2192 omnia
732 2127 812 2192 haec
833 2126 948 2191 retulit.

75 2317 136 2363 ‘rou
152 2320 189 2362 aa.
412 2287 461 2351 76.
508 2284 705 2348 *Pervasicd
727 2283 899 2347 Miliduni‘l
920 2284 961 2348 ab
985 2283 1109 2349 Odone.

282 2386 390 2451 Odoni
422 2389 546 2472 itaque,
578 2395 614 2450 ut
644 2386 764 2470 coeptis
796 2386 908 2468 instet,
942 2386 1063 2451 suadet.
1114 2388 1243 2452 Interea
1272 2384 1302 2449 ab

199 2471 313 2537 Odone
343 2472 456 2558 copiae
478 2470 560 2535 clam
581 2480 743 2554 parantur,
771 2480 807 2532 ut
828 2479 967 2533 castrum
988 2470 1190 2554 ingrediatur
1212 2483 1242 2537 et
1261 2493 1302 2556 op-

197 2556 305 2619 tineat.
348 2556 473 2619 Paratis
500 2563 617 2635 autem,
644 2561 788 2638 tempore
811 2561 928 2617 statuto
949 2575 1122 2638 aggressus
1145 2557 1264 2642 appetit
1281 2563 1304 2618 et

197 2637 385 2720 ingreditur.
437 2637 639 2701 Proditorem
671 2634 817 2700 simulato
850 2637 956 2700 furore
988 2637 1112 2703 invadit
1141 2648 1173 2702 et
1201 2637 1304 2703 carceri

198 2720 369 2804 mancipat.
413 2721 479 2800 Qui
499 2742 563 2783 non
584 2719 683 2783 multo
705 2729 778 2805 post
799 2741 926 2784 carcere
948 2722 1093 2804 emissus,
1118 2730 1304 2787 sacramento

199 2823 307 2864 coram
328 2803 425 2865 fidem
445 2802 522 2865 facit
543 2812 575 2866 et
596 2803 712 2867 exinde
733 2803 776 2867 ad
798 2803 1007 2868 resistendum
1029 2825 1103 2868 cum
1120 2805 1235 2871 Odone
1249 2824 1304 2870 sese

223 2892 301 2947 arat.
352 2884 444 2964 Quae
473 2886 579 2948 omnia
604 2885 646 2949 ad
674 2909 787 2972 regum
813 2909 905 2952 aures
933 2909 1010 2951 mox
1037 2887 1145 2953 delata
1166 2890 1304 2954 feruntur.

198 2907 304 3050 llegcs
325 2965 366 3030 de
388 2970 484 3032 castri
498 2969 669 3033 amissione
684 2972 844 3050 commoti,
865 2972 898 3033 in
913 2971 1019 3035 hostes
1034 2970 1154 3038 milites
1170 2982 1303 3059 paruum

199 3059 424 3135 proponentes,
445 3052 487 3117 ab
516 3051 681 3117 obsidione
702 3075 767 3118 non
795 3076 864 3118 sese
886 3053 1101 3135 discessuros,
1132 3056 1235 3122 donec
1262 3063 1305 3119 aut

199 3145 420 3218 expugnatum
441 3137 607 3222 recipiant,
628 3146 692 3218 aut,
715 3138 743 3200 si
763 3160 814 3201 res
836 3148 999 3223 exposcat,
1023 3160 1098 3202 cum
1119 3139 1214 3206 hoste
1235 3160 1305 3204 com-

199 3217 304 3281 minus
326 3219 410 3284 vires
432 3229 464 3284 et
484 3241 573 3283 arma
599 3219 771 3284 conferant.

403 3357 452 3422 77.
495 3356 673 3422 Accessusf
691 3381 804 3444 regum
825 3359 867 3422 ad
889 3358 1107 3423 Milidunums.

281 3459 406 3524 Paratis
433 3459 478 3523 ita
501 3481 541 3521 ue
568 3459 684 3544 copiis,
697 3525 700 3530 ,
713 3469 934 3546 expugnatum
963 3460 1131 3526 accedunt.
1176 3463 1221 3527 Et
1244 3461 1307 3548 quia

198 3548 338 3604 castrum
370 3543 491 3606 circum
515 3551 609 3607 uente
639 3542 789 3641 Sequana
820 3543 1035 3626 ambiebatur,
1067 3545 1134 3671 ipsi
1163 3547 1198 3610 in
1228 3545 1306 3610 litore

198 3624 302 3708 primo
335 3634 439 3689 castra
470 3625 518 3689 dis
543 3635 657 3708 onunt3
693 3649 727 3690 1n
762 3625 931 3694 ulteriore&
965 3629 1084 3692 accitas
1143 3631 1308 3716 piratarum

199 3708 283 3770 acies
315 3707 471 3770 ordinant.
519 3647 565 3773 bt
590 3731 631 3772 ne
661 3731 725 3794 quo
756 3711 998 3777 intercideretur
1031 3712 1168 3795 obsidia,
1203 3712 1307 3778 classes

198 3798 335 3852 armatas
357 3791 391 3852 in
412 3789 509 3852 fluvio
528 3793 776 3880 circumquaque
791 3793 953 3859 adhibent.
985 3797 1100 3882 Itaque
1114 3796 1237 3862 factum
1249 3795 1308 3872 luit,

199 3877 234 3931 ut
265 3870 385 3934 fluviali
417 3873 582 3955 superficie
613 3877 715 3957 vecti,
748 3886 888 3940 castrum
919 3877 1025 3942 navali
1057 3901 1171 3964 pugna
1203 3881 1308 3945 acriter

200 3960 357 4048 urgerent.
394 3951 578 4020 Castrenses
599 3979 664 4021 non
681 3960 821 4044 impares
843 3962 876 4023 in
900 3963 1097 4046 ugnantibus
1120 3961 1306 4028 obnituntur.

199 4033 262 4095 Pro
283 4032 405 4097 vmbus
427 4044 557 4101 certant.
599 4040 800 4107 Adversariis
821 4066 844 4105 n
890 4045 1025 4110 omodo
1049 4045 1180 4113 cedunt.
1224 4047 1308 4114 Oum-

261 4217 326 4288 a)·in
346 4233 402 4261 corr.
423 4223 494 4264 inter.
559 4225 583 4278 b)
605 4231 708 4277 potentio
729 4242 787 4272 corr.
810 4235 935 4282 potentior.
1002 4233 1023 4285 c)
1047 4236 1125 4276 Penas
1147 4249 1206 4279 corr.
1229 4239 1306 4278 Poene.

200 4274 430 4350 d)vas10,nlabsc.·
500 4282 521 4333 e)
537 4290 605 4334 parat
619 4299 677 4328 corr.
694 4294 784 4338 purant.
868 4291 950 4344 Osos,
967 4295 996 4333 ad
1012 4294 1064 4333 Mill
1080 4296 1138 4334 abac.
1214 4296 1239 4349 g)
1254 4297 1307 4335 rlore

199 4344 282 4379 οσανν.
382 4349 431 4378 ecci
485 4352 541 4382 corr.
559 4345 633 4385 accita
648 4357 666 4386 c.
