2820 4824
329 370 480 421 RIOHERI
499 369 750 422 HISTORIARUM
769 371 879 423 LIBER
897 373 965 424 IIII.
1149 376 1199 426 151

92 541 144 604 49.
188 536 404 601 Deliberatioa
426 536 656 620 quorumdam³
677 537 784 622 apud³
806 561 915 624 regem
938 551 1053 625 supera
1072 539 1199 606 Karolo.

179 639 251 719 Qua
272 638 311 702 de
332 660 366 702 re
387 636 520 701 aliorum
549 640 702 704 sententia
723 649 798 722 erat,
826 661 846 702 a
866 639 985 706 Karolo
1006 642 1074 705 viro
1097 640 1259 705 claroboor.

93 732 126 787 et
146 724 234 808 regio
255 744 371 820 genere
397 721 504 785 inclito
527 724 615 785 eius⁰
640 725 751 787 natosd
773 746 881 788 omnes
903 747 976 787 cum
997 726 1132 790 natabus
1148 725 1200 790 ob-

94 805 180 871 sides
202 804 419 890 acorpiendos3
442 805 615 891 petendum
636 808 732 870 etiam
747 805 787 869 ab
803 830 840 871 eo
855 818 1095 890 sacramentum,
1118 821 1200 894 quo⁰

93 892 164 976 regi
178 889 274 953 fidem
285 888 395 970 faciat3
410 911 543 972 regnum
554 890 708 952 Franciae
719 913 892 976 numquam
904 914 973 955 sese
984 894 1200 978 repetiturum,

95 983 205 1038 contra
224 982 317 1036 natos
340 993 464 1120 quoque
487 983 707 1037 testamentum
730 974 804 1037 inde
818 974 986 1039 facturum.
1021 978 1092 1056 Quo
1106 975 1200 1058 facte,

93 1056 250 1122 Karolum
262 1055 404 1120 dimitten
429 1079 493 1137 um,
503 1057 681 1121 censebant.
689 1056 833 1121 Aliorum
840 1079 916 1123 vero
925 1059 1201 1123 sententiafhuius-

94 1141 183 1205 modi
193 1147 268 1204 erat.
291 1139 373 1202 Tam
384 1139 503 1203 clarum
518 1151 549 1204 et
563 1141 685 1226 antiqui
698 1142 823 1227 generis
837 1142 941 1206 virum
955 1163 1020 1205 non
1038 1164 1115 1205 mox
1132 1142 1201 1206 red-

96 1223 246 1305 dendum,
268 1223 321 1288 sed
342 1223 428 1309 apud
449 1246 558 1308 regem
579 1235 645 1288 tam
660 1224 716 1287 diu
729 1224 918 1307 habendum,
941 1225 1042 1289 donec
1058 1228 1111 1312 qui
1134 1228 1201 1290 eius

96 1309 275 1395 captionem
290 1307 485 1391 indignaturi
496 1309 579 1371 sinte
590 1317 772 1392 appareant.
797 1309 832 1371 Si
844 1331 881 1372 eo
892 1331 1023 1373 numero
1035 1318 1066 1373 et
1076 1311 1201 1374 nomine

95 1401 191 1479 atque
203 1393 284 1456 duce
294 1392 501 1476 premineant‚
512 1399 548 1454 ut
557 1390 679 1476 indigni
690 1413 755 1455 non
765 1393 827 1454 sint
838 1393 893 1476 qui
900 1392 1004 1457 hostes
1012 1394 1096 1477 regis
1104 1395 1201 1456 Fran-

95 1499 207 1541 corum
228 1475 382 1555 dicantur‚
412 1476 476 1538 sive
498 1473 661 1538 inferiores
690 1476 761 1557 sint,
790 1475 1024 1540 attendendum.
1069 1477 1104 1540 si
1126 1497 1201 1561 ergo

94 1561 190 1648 pauci
211 1568 243 1624 et
263 1559 426 1622 inferiores
448 1557 660 1642 indignentur,
681 1558 851 1623 tenendum
873 1560 1056 1641 censebant3
1079 1560 1106 1622 si
1126 1581 1202 1624 vero

94 1645 232 1708 maiores
254 1650 285 1705 et
306 1663 402 1726 quam
423 1640 539 1726 plures,
560 1641 756 1706 reddendum
779 1664 816 1705 su
841 1644 954 1706 eriori⁰
975 1644 1118 1707 ratione⁰
1133 1664 1202 1706 sua·

96 1727 225 1792 debant.
274 1723 428 1788 Karolum
456 1747 530 1788 ero
558 1746 630 1788 oum
659 1748 758 1790 uxore
779 1665 934 1791 Adelaide
963 1736 995 1790 et
1014 1725 1077 1789 filio
1099 1726 1203 1791 Ludo·

94 1813 169 1876 vico
209 1818 241 1874 et
271 1807 397 1871 filiabus
429 1747 566 1890 duabus,
600 1832 733 1895 quarum
765 1809 864 1875 altera
893 1808 1073 1894 Gerberga,
1106 1809 1203 1874 altera

95 1893 261 1960 Adelaidis
283 1892 455 1974 dicebatur,
476 1913 599 1956 necnon
621 1903 652 1958 et
665 1892 797 1958 Arnulfo
819 1903 934 1980 nepote
949 1895 1070 1958 carceri
1085 1893 1172 1958 dedit
1182 1906 1202 1958 ¹.

128 1995 179 2060 50.
222 1996 291 2058 *De
312 1993 516 2060 difficultateh
543 1997 592 2142 sbti
618 1996 763 2120 itinerishl
790 1994 852 2058 ab¹¹
878 1995 980 2060 urbeh
1001 1996 1172 2060 Remorum
1217 2019 1273 2062 mor.
1289 2020 1326 2063 ro.

578 2087 722 2142 amotum
748 2127 754 2141 .

181 2175 279 2242 Antei
305 2172 417 2242 horum
447 2181 624 2264 captionem
653 2180 765 2244 diebus
791 2179 890 2243 ferme
919 2179 973 2259 14,
1002 2200 1075 2241 cum
1103 2179 1203 2243 avidi-
1218 2200 1282 2240 uari.

96 2272 162 2329 tate
185 2261 327 2326 discendi
346 2261 482 2346 logicam
496 2263 706 2348 Yppacratisk
722 2262 803 2327 Ohoi
818 2261 857 2324 de
872 2260 996 2324 studiis¹
1024 2261 1205 2327 liberalibus

99 2368 196 2432 saepe
218 2357 249 2412 et
277 2345 411 2409 multum
439 2347 620 2430 cogitarem,
652 2345 787 2431 quadam
814 2344 865 2409 die
895 2345 1033 2430 equitem
1060 2345 1203 2410 Carnoti-

98 2443 204 2494 numm
225 2430 259 2492 in
280 2428 357 2493 urbe
371 2430 541 2493 Remorum
564 2431 686 2514 positus
709 2428 833 2492 offendi.
878 2429 943 2508 Qui
964 2451 984 2492 a
1004 2451 1054 2493 me
1075 2429 1204 2494 interro-

98 2523 203 2599 gatuS,
249 2514 297 2576 uis
319 2523 350 2576 et
372 2514 460 2576 cinus
483 2523 574 2594 esset,
605 2535 662 2576 our
683 2522 714 2576 et
733 2511 816 2576 unde
837 2515 984 2595 venisset,
1012 2511 1205 2577 Heribrandi

101 2597 209 2661 clerici
228 2536 431 2662 Ramotensis
456 2595 595 2682 legatum
623 2618 691 2660 sese
718 2605 750 2660 et
769 2596 904 2660 Riohero
933 2595 1042 2662 Sancti
1063 2597 1202 2681 Remigii

101 2680 254 2745 monacho
278 2703 311 2745 se
332 2679 412 2745 velle
433 2678 528 2766 loqui,
551 2679 722 2765 respondit.
765 2680 836 2765 Ego
862 2701 938 2744 mox
965 2681 1060 2743 amici
1087 2702 1203 2744 nomen

99 2774 134 2830 et
154 2763 319 2850 legationis
342 2786 471 2828 causam
500 2764 675 2846 advertens,
702 2777 775 2828 me¹l
804 2785 899 2849 quem
928 2763 1099 2848 querebatn
1126 2763 1205 2827 indi-

98 2849 181 2929 cavi,
203 2848 360 2933 datoquen
386 2847 502 2930 osculo,
530 2857 670 2912 secreten
697 2849 914 2911 secessimusss.
959 2845 1016 2910 Ille
1040 2869 1117 2911 mox
1142 2849 1205 2932 epi-

99 2931 215 2997 stolam
252 2931 383 3017 protulit
418 2931 624 2995 hortatoriam
659 2931 700 2994 ad
736 2931 988 3017 aphorismorum
1026 2929 1204 2996 lectionem.

98 3016 195 3081 Unde
225 3025 256 3079 et
282 3037 340 3099 ego
369 3014 541 3078 admodum
569 3015 719 3096 laetatus,
750 3022 913 3098 assumpto
942 3013 1079 3098 quodam
1106 3036 1204 3100 puero

99 3123 174 3164 cum
205 3097 375 3163 Carnotino
405 3099 529 3183 equite,
561 3100 621 3162 iter
652 3097 848 3161 (larnotumc
880 3097 1019 3182 arripere
1052 3096 1203 3183 disposui

98 3185 273 3268 Digressus
295 3192 410 3265 autem,
433 3181 473 3244 ab
495 3179 628 3245 abbate⁰
650 3192 743 3244 meo²
771 3181 863 3242 unius
890 3189 1012 3242 tantum
1038 3181 1205 3265 parvaredi

99 3265 250 3332 solatium
271 3266 390 3350 accepi.
433 3264 579 3327 Numinis
601 3265 704 3344 etiam,
733 3263 908 3326 mutatoriis
934 3264 1125 3348 ceterisquei
1152 3286 1204 3327 ne-

99 3350 247 3415 cessariis
272 3370 407 3430 vacuus,
435 3347 624 3412 Orbatium³
650 3347 790 3432 perveni,
817 3345 923 3409 locum
950 3344 1048 3410 multa
1077 3347 1204 3410 caritate

98 3432 255 3497 inclitum.
308 3431 420 3517 Ibique
453 3431 561 3495 domni
595 3429 718 3496 abbatis
750 3429 812 3493 1).4
847 3427 1003 3513 colloquio
1037 3439 1205 3512 recreatus,

100 3515 259 3601 simulque
281 3519 331 3580 *et
351 3515 564 3579 munificentia
586 3522 784 3594 sustentatus,
812 3513 846 3575 in
867 3515 1003 3577 erastino
1025 3513 1084 3577 iter
1104 3535 1204 3596 usque
1216 3537 1260 3592 η),
1275 3543 1323 3586 aa,

100 3599 235 3665 Meldim
263 3598 480 3685 peragendum
506 3599 634 3683 arripui.
683 3598 848 3681 Ingressus
876 3617 952 3661 vero
978 3618 1052 3660 cum
1079 3595 1202 3660 duobus

162 3725 184 3777 a)
201 3726 262 3777 Deli,
279 3736 331 3775 quo,
347 3735 399 3775 apo,
414 3734 483 3774 super
496 3724 552 3764 abac.
634 3721 658 3775 b)
675 3724 736 3764 oloro
752 3735 768 3765 c.
848 3721 869 3774 o)
883 3723 994 3773 postona.
1068 3718 1090 3772 d)
1108 3731 1128 3761 o.
1145 3731 1169 3762 n.
1186 3731 1207 3763 ο.

100 3797 121 3825 c.
136 3797 159 3826 n.
176 3796 197 3825 a.
215 3786 234 3824 1.
301 3782 323 3834 e)
340 3793 385 3831 quo
401 3783 429 3823 de
445 3783 549 3822 omnibus
565 3783 609 3822 sibi
626 3783 751 3824 obterendis
769 3785 789 3822 1.
860 3780 878 3832 f)
896 3783 968 3822 sentia
983 3791 1039 3820 corr.
1056 3781 1171 3820 sententia
1186 3791 1206 3821 o.

101 3842 126 3896 g)
139 3841 162 3883 ᾗ
175 3855 191 3885 c.
250 3840 274 3894 h)
291 3843 370 3892 ultate,
385 3842 405 3879 is
421 3842 449 3880 ab
465 3852 499 3891 ur,
515 3846 594 3881 notum
610 3843 667 3881 absc.
727 3839 743 3892 i)
760 3840 851 3882 10149.
869 3841 904 3882 50.
920 3846 938 3880 ci
949 3851 1021 3889 parva
1036 3840 1121 3879 scedula
1131 3839 1154 3888 s.
1172 3838 1207 3879 51.

96 3908 150 3952 post
169 3904 251 3941 inserta
272 3905 330 3940 suat.
405 3898 429 3951 k)
445 3901 476 3938 ica
491 3912 508 3940 c.
585 3898 602 3951 1)
619 3901 689 3940 studii
705 3902 724 3940 1.
796 3897 827 3951 m)
849 3900 996 3940 carnotinam
1019 3899 1039 3940 1.
1106 3897 1129 3946 ni
1148 3897 1208 3950 (cum

100 3963 143 4001 illo
161 3966 212 4011 pon
232 3958 290 4010 add.)
313 3961 400 3999 secrete
422 3956 448 4010 (i)
470 3961 605 3998 secessimus
623 3962 646 4010 1,
668 3959 743 4009 qubus
765 3959 835 3997 duan
850 3969 886 3998 me
904 3979 929 3988 -
951 3959 1086 3998 secessimus
1101 3958 1125 3996 a
1139 3968 1207 4007 maro.

100 4021 165 4068 add„
186 4020 224 4059 ubi
239 4019 311 4070 rebat,
333 4017 438 4069 datoque,
460 4022 529 4069 crete,
544 4029 571 4057 us
587 4019 643 4059 abac.
712 4017 733 4070 o)
747 4022 770 4057 a?
785 4020 813 4056 tn.
829 4029 847 4056 c.
907 4016 930 4067 p)
947 4017 1084 4066 ceteriisque
1100 4027 1117 4058 c.

179 4119 207 4187 1)
228 4121 268 4172 Of.
281 4122 353 4186 Hug.
366 4121 438 4172 Flor.
458 4119 522 4181 1.1.;
544 4119 620 4171 aliter
637 4121 707 4170 Hist.
728 4120 833 4181 Senon,
854 4135 877 4169 c.
892 4119 916 4181 6,
936 4136 960 4184 p.
975 4117 1036 4166 368.
1110 4117 1139 4178 2)
1157 4115 1205 4165 Ar-

101 4194 185 4246 bodo.
243 4191 272 4260 3)
292 4195 387 4246 Orbais
405 4209 487 4259 prope
506 4194 575 4242 viam
596 4208 718 4257 magnam
737 4207 805 4256 quae
826 4191 980 4242 catalaunis
999 4189 1102 4239 Meldos
1122 4187 1206 4249 ducit3

101 4270 254 4319 Matronam
278 4269 359 4332 igitur
381 4269 465 4333 primo
492 4265 535 4315 die
558 4266 693 4330 sparnaci,
719 4264 801 4314 altero
824 4265 859 4314 ad
884 4262 1028 4314 castelium
1050 4259 1208 4311 Theoderici

101 4342 241 4395 transiisse
260 4340 371 4392 videtur.
391 4339 423 4388 P.
498 4336 527 4404 4)
548 4339 648 4388 Nomen
666 4339 785 4401 ignotum
806 4343 853 4388 est.
