2820 4824
158 523 210 564 921.

217 342 253 392 24
485 336 637 388 RICHERI
658 333 909 385 HISTORIARUM
928 333 1039 383 LIBER
1058 333 1080 383 Ι.

305 508 357 572 35.
401 505 464 572 Hic
488 524 560 567 cum
581 511 665 567 esset
687 499 861 564 clarissimo
876 502 1013 584 genere*
1035 499 1163 564 inclitus
1185 509 1218 566 et
1245 502 1344 567 Hein-

221 592 282 656 rici
311 590 472 656 Saxoniae
509 587 599 652 ducis
608 589 635 617 **
669 583 753 649 filiae
781 583 966 669 Gerbergae
999 585 1173 668 coniugioa
1206 587 1342 649 nimium

222 673 368 753 felixbo,
395 675 430 736 in
451 672 580 735 nimiam
607 692 664 757 pre
686 668 854 733 insolentia
875 669 1085 732 temeritatem
1108 689 1244 754 preceps
1265 669 1344 735 fere·

223 753 337 839 batur3'
355 757 388 820 in
410 753 578 842 disciplina
592 752 723 817 militari
744 775 786 816 ex
800 752 929 815 audatia
943 753 1070 834 nimius,
1092 752 1173 816 adeo
1188 764 1227 816 ut
1267 754 1344 818 uod-

225 863 364 927 cumque
386 836 587 905 inevincibile
602 845 753 924 appetere
768 858 833 900 non
847 844 1015 918 metueret;
1039 857 1172 920 corpore
1187 776 1344 902 mediocri

224 934 255 990 et
284 925 381 989 denso
415 923 558 1008 duroque
588 920 805 987 membrorum
838 918 969 1002 robore,
1009 920 1132 984 cervice
1164 919 1343 1004 inflexibili,

226 1007 325 1074 oculis
347 1008 467 1073 infestis
489 1018 586 1092 atque
608 1006 758 1091 inquietis
781 1005 940 1088 sicque***
967 1002 1147 1085 mobilibus,
1175 1015 1211 1068 ut
1234 1027 1343 1069 eorum

224 1091 310 1157 color
334 1093 454 1156 nemini
483 1091 524 1155 ad
553 1090 683 1177 plenum
708 1089 889 1168 innotuerit,
912 1085 1049 1172 pedibus
1075 1088 1204 1152 omnino
1232 1089 1344 1175 inpati-

226 1177 361 1259 entibus,
391 1186 496 1241 mente
517 1174 581 1238 levi
592 1177 615 1237 †.
660 1172 771 1236 Oratio
805 1173 872 1235 eius
905 1170 1056 1255 ambigua
1087 1173 1209 1236 ratione
1244 1174 1344 1236 consi·

225 1271 320 1344 stens,
335 1260 542 1344 interrogatio
558 1257 670 1321 fallens
680 1268 702 1337 ⁰,
718 1256 884 1340 responsio
899 1256 1055 1341 ancepsd3
1072 1256 1224 1320 orationis
1236 1268 1343 1343 partes

224 1367 296 1410 raro
325 1343 484 1408 dilucidae
514 1340 576 1405 sibi
598 1339 825 1422 cohaerebant3
856 1341 922 1402 suis
943 1339 1024 1403 adeo
1046 1338 1214 1423 profusus,
1243 1341 1345 1407 aliena

226 1429 396 1494 enormiter
417 1427 544 1505 sitiens3
566 1423 740 1488 maioribus
762 1445 800 1486 aa
823 1421 884 1486 sibi
898 1422 1084 1508 aequalibus
1100 1444 1208 1486 coram
1224 1424 1344 1506 favens,

227 1511 349 1577 occulte
371 1532 447 1574 vero
468 1509 630 1587 invidens3
653 1530 759 1571 rerum
775 1506 958 1570 confirsione
980 1528 1017 1570 ac
1037 1516 1166 1570 mutua⁰
1190 1507 1345 1573 dissiden-

226 1599 307 1660 tium
328 1594 536 1659 insectatione
557 1590 731 1677 plurimum
751 1590 905 1676 gaudens.

312 1677 363 1741 36.
407 1675 494 1740 Talis
516 1677 622 1761 itaque
644 1676 731 1740 inre
757 1697 807 1738 em
828 1676 928 1737 nimia
949 1675 1148 1739 animositate
1175 1675 1346 1739 ferebatur.

227 1760 443 1825 Meditabatur
465 1781 591 1846 quoque
616 1760 702 1843 regis
724 1781 743 1822 a
766 1760 933 1824 iectionem
957 1757 1147 1840 admodum,
1180 1780 1219 1822 ac
1250 1759 1347 1846 pluri-

229 1867 317 1908 mum
338 1843 372 1907 id
393 1844 608 1929 pertractabat
628 1843 714 1928 apud
737 1864 791 1907 eos
814 1844 924 1928 quiin
946 1841 1077 1927 Belgica
1099 1843 1239 1927 potiores
1262 1844 1347 1907 vide·

229 1927 355 2011 bantur,
370 1949 433 1992 non
442 1931 468 1971 ††
484 1926 613 2014 quidem
628 1927 791 2007 Rotberto,
808 1925 863 1990 sed
879 1926 939 1991 sibi
954 1947 1089 2010 regnum
1104 1926 1275 2010 affectans3
1292 1951 1347 1992 sua

196 2030 204 2036 “
231 2025 379 2098 quoquee
407 2011 608 2110 principibus
638 2033 724 2159 pene
755 2010 861 2074 omnia
892 2009 1094 2074 distribuens.
1144 2009 1187 2074 Et
1209 2015 1345 2078 maiores

231 2095 360 2182 quidem
382 2096 500 2182 prediis
523 2106 554 2160 et
575 2095 647 2159 aed1
671 2117 707 2158 us
737 2095 874 2179 egregiis
903 2093 1011 2158 inclite
1040 2093 1198 2173 donabat,
1228 2097 1347 2160 medio-

230 2203 298 2245 cres
320 2191 427 2246 autem
449 2181 519 2244 auri
541 2190 573 2244 et
594 2201 630 2242 ar
653 2179 718 2242 enti
739 2176 865 2242 talentis
888 2177 1061 2242 efficaciter
1090 2176 1251 2243 illiciebat.
1297 2181 1348 2244 Fit

228 2267 336 2364 itaque
366 2265 538 2329 multorum
568 2287 609 2328 ex
630 2202 771 2346 lielgica
803 2283 877 2324 cum
904 2282 941 2324 eo
971 2283 1153 2326 consensus.
1199 2261 1266 2328 Sed
1288 2264 1347 2328 hoc

230 2359 306 2414 satis
321 2350 488 2435 inprovide
503 2369 541 2412 ac
556 2346 739 2411 inconsulte.
785 2346 869 2409 Nam
890 2344 980 2410 licetl
1000 2346 1040 2410 ob
1055 2367 1172 2430 magna
1192 2347 1348 2413 beneficia

230 2442 429 2519 comparatos
459 2433 520 2496 sibi
547 2431 745 2513 attraxisset,
772 2452 835 2493 non
864 2439 971 2493 tamen
1000 2451 1041 2492 ex
1075 2430 1279 2495 iureiurando
1308 2432 1348 2495 ad

226 2517 418 2604 patrandum
439 2515 563 2578 facinus
586 2514 648 2578 sibi
669 2515 831 2578 annexuit.
873 2513 1002 2578 Leviter
1016 2534 1092 2598 ergo
1114 2517 1249 2596 attracti,
1271 2514 1348 2580 levi-

227 2612 276 2664 ter
296 2609 369 2684 post
390 2599 552 2662 dissociati
573 2597 671 2661 fuere.

313 2684 364 2747 37.
407 2682 490 2744 Nam
512 2703 586 2744 cum
608 2677 756 2758 Karolus,
778 2679 839 2744 hoc
860 2680 969 2745 audito
975 2731 983 2761 ,
1006 2704 1025 2744 a
1048 2679 1170 2745 Celtica
1196 2704 1272 2745 cum
1296 2706 1347 2748 ex-

229 2767 330 2832 ercitu
351 2763 469 2829 rediret
490 2763 662 2913 Belgisgue
683 2762 801 2828 bellum
823 2764 937 2829 inferre
959 2777 1100 2850 pararet,
1130 2764 1249 2850 Belgae
1271 2789 1348 2830 mox

229 2871 294 2914 non
316 2849 349 2912 in
364 2858 475 2933 aperto
498 2870 572 2911 cum
628 2847 775 2913 isleberto
790 2850 936 2913 resistere
958 2849 1020 2912 nisi
1035 2857 1116 2930 sunt,
1140 2849 1196 2912 sed
1220 2850 1347 2935 oppidis

229 2955 268 2998 ac
290 2933 473 3018 municipiis
484 2944 526 2986 Μ
549 2954 616 2997 sese
638 2930 815 2997 recludunt.
858 2933 930 2997 Rex
945 2954 1022 2997 vero
1038 2931 1172 3017 singulis
1187 2935 1242 3018 qui
1257 2934 1299 2998 ab
1315 2957 1347 2999 se

230 3017 412 3082 defecerant
433 3015 555 3101 legatos
578 3017 703 3101 dirigit,
726 3039 783 3102 per
805 3038 885 3103 quos
908 3015 1122 3102 significabat,
1151 3039 1220 3080 sese
1248 3016 1347 3102 regali

230 3111 326 3186 atque
348 3098 492 3164 sollemni
513 3099 684 3165 donatione
705 3099 909 3184 largiturum,
933 3099 1085 3187 quicquid
1114 3103 1159 3164 eis
1177 3101 1222 3166 ab
1247 3100 1349 3166 Gisle-

231 3184 321 3250 berto
343 3183 527 3270 prediorum
549 3196 580 3249 et
601 3184 729 3249 aedium
752 3182 899 3248 collatum
922 3195 979 3267 est,
1002 3206 1071 3249 sese
1109 3207 1215 3270 uoque
1238 3197 1349 3251 contra

232 3267 448 3334 Gislebertum
470 3290 528 3354 pro
550 3269 596 3334 eis
619 3278 822 3352 certaturum,
845 3270 872 3332 si
887 3270 914 3332 is
930 3270 975 3333 eis
991 3290 1032 3332 ex
1047 3205 1168 3333 collatis
1183 3267 1349 3334 beneficiis

232 3353 404 3440 quicquam
432 3375 466 3416 re
491 3364 575 3418 etere
602 3352 688 3417 velit.
738 3352 810 3432 Quo
834 3353 934 3437 capti,
968 3373 1045 3415 mox
1066 3353 1134 3416 iure
1157 3354 1347 3418 sacramenti

230 3437 272 3501 ad
293 3459 402 3522 regem
424 3375 568 3519 redbunt,
590 3436 771 3520 habitisque
792 3437 968 3501 rationibus
1020 3436 1150 3521 uicquid
1178 3435 1348 3501 beneficio-

229 3544 301 3586 rum
322 3522 363 3586 ab
386 3519 565 3586 Gisleberto
588 3521 632 3585 eis
655 3519 804 3584 collatum
820 3520 902 3603 fuit,
924 3459 1024 3606 regal
1045 3519 1213 3604 largitateh
1235 3520 1349 3585 firmis-

304 3663 328 3732 *J
348 3666 443 3732 opibus
463 3672 490 3717 et
508 3681 607 3731 genere
626 3663 726 3714 Eitea
801 3662 836 3728 ”J
856 3665 891 3715 Η.
911 3666 1134 3718 Transrhenensis
1153 3666 1255 3718 Esses.

280 3736 329 3805 m)
349 3741 441 3805 sicque
463 3767 493 3775 -
516 3741 571 3791 inn.
592 3738 607 3786 2
627 3737 656 3788 ia
674 3754 767 3803 marg,
795 3737 886 3789 deletis
912 3755 979 3803 quae
1004 3739 1102 3805 scripta
1122 3747 1212 3789 erant:
1239 3741 1349 3790 naribus

349 3827 412 3863 vero
432 3813 541 3863 iniurias
561 3817 641 3876 atque
662 3816 839 3876 contemptum
859 3812 1004 3862 insolenter
1023 3813 1193 3879 spirantibus.

305 3881 329 3949 l)
348 3886 377 3935 in
397 3885 583 3935 controversiis
603 3884 724 3934 insensus
744 3883 822 3934 simul
842 3889 869 3934 et
887 3887 994 3950 negotio
1015 3884 1053 3952 (i)
1072 3885 1135 3936 odd.
1158 3887 1181 3947 1,
1202 3886 1255 3936 del.
1276 3888 1300 3938 2.

293 3954 331 4024 ††)
351 3974 378 4010 n.
399 3974 458 4008 cum
479 3956 558 4024 (corr.
579 3954 698 4022 quidem)
719 3982 753 3992 -
773 3957 902 4008 affectans
923 3958 987 4010 cdd.
1008 3959 1023 4006 2
1042 3956 1072 4008 ia
1090 3975 1174 4024 uterq.

291 4084 313 4137 a)
331 4085 478 4126 matrimonio
496 4087 516 4135 i,
537 4084 696 4132 superamur
713 4084 828 4132 coniugio.
889 4085 913 4137 b)
928 4086 985 4128 felix
1002 4106 1028 4116 -
1046 4086 1139 4126 audatia
1154 4085 1178 4124 in
1193 4087 1307 4125 locorum
1324 4088 1350 4136 ῖς

230 4145 286 4184 satis
301 4145 382 4185 beatus
398 4144 467 4188 Ista
525 4139 546 4192 c)
563 4152 647 4192 anceps
664 4144 684 4182 1.
759 4141 782 4194 d)
798 4144 881 4184 fallens
899 4147 919 4186 1.
995 4143 1016 4195 e)
1032 4150 1081 4195 post
1095 4145 1145 4185 add.
1220 4143 1240 4196 i)
1256 4155 1310 4184 cum
1327 4147 1348 4186 1.

231 4201 255 4254 ε)
272 4203 439 4243 munitionibus
457 4203 477 4242 1.
538 4198 562 4251 h)
580 4201 691 4250 dignitate
708 4204 729 4246 1.

306 4296 333 4365 1)
347 4299 401 4348 Diu
416 4302 476 4362 post
489 4297 654 4352 Gislebertus
668 4299 743 4351 duxit
756 4300 928 4368 Gerbergam.
986 4302 1013 4367 2)
1032 4303 1050 4354 ἱ.
1066 4316 1089 4354 e.
1104 4301 1206 4363 castris,
1220 4299 1351 4352 castellis.
