2820 4824
197 366 213 414 6
458 360 613 412 RIOHERI
632 359 884 411 HISTORIARUM
903 357 1016 409 LIBER
1035 360 1058 412 Ι.

195 529 384 595 habebatur.
427 528 499 592 Rex
525 528 647 591 interea
668 548 726 612 per
745 525 849 608 loca*,
877 549 958 612 quae
985 527 1096 612 piratis
1123 528 1321 595 irruentibus

196 614 320 678 aditum
348 609 528 698 prebebant
536 621 557 692 ³,
585 611 777 675 munitiones
807 612 942 675 exstruit
971 632 1009 674 ac
1037 611 1072 674 in
1098 611 1145 674 eis
1179 611 1321 677 militum

198 698 310 783 copias
331 697 432 782 ponit.
474 696 549 780 Ipse
571 716 645 758 cum
667 695 810 760 exercitu
830 696 865 757 in
885 693 1079 781 Aquitaniae
1100 704 1211 780 partes
1234 719 1321 763 sece-

102 782 287 862 ·r01.s.dens,
319 803 384 844 non
406 788 480 844 ante
502 801 536 843 se
564 778 740 844 reditmum
789 800 959 863 roponens,
992 781 1117 866 *quam-
1132 779 1321 865 supradicta

198 865 300 929 modii
320 864 521 928 frumentarii
542 885 692 927 mensura
714 801 838 927 dudhus
861 862 1002 947 dragmis
1023 864 1155 945 veniret,
1186 862 1320 949 gallina-

198 951 261 1013 tius
289 970 364 1013 vero
394 948 525 1013 denario
548 957 644 1034 atque
667 947 735 1011 ovis
757 946 881 1010 duabus
903 946 1013 1010 itidem
1036 945 1190 1032 dragmis,
1219 969 1320 1013 vacca

198 1055 275 1097 vero
296 1031 397 1096 tribus
419 1033 521 1096 unciis
543 1029 800 1096 venumdaretur.

89 1166 188 1221 ‘asu
304 1155 356 1219 *6.
400 1153 538 1238 Pyratae
560 1152 773 1216 Brittanniam
795 1152 954 1236 impetunt
975 1171 1013 1214 ao
1034 1148 1212 1216 devastant.

282 1256 408 1320 Interea
428 1277 503 1340 rege
526 1254 613 1339 apud
634 1254 748 1318 urbem
769 1252 938 1316 Anitium¹
961 1274 1029 1315 rem
1050 1250 1218 1337 publicam
1243 1276 1318 1354 pro-

199 1349 337 1421 curante,
361 1348 495 1424 pyratae
517 1361 537 1402 a
558 1337 674 1402 finibus
696 1336 901 1400 Neustriae**
922 1333 1017 1420 pulsi,
1044 1357 1118 1399 eum
1144 1335 1210 1400 adl
1240 1347 1317 1403 mte-

197 1425 282 1487 riora
312 1422 505 1508 Aquitaniae
534 1422 752 1485 concessissec
782 1419 959 1483 dinoscunt.
1008 1417 1182 1484 Confluunt
1211 1421 1318 1508 itaque

198 1527 236 1570 ac
263 1505 396 1570 classem
424 1514 540 1590 parant
568 1515 663 1591 atque
691 1504 905 1568 Brittanniam
936 1504 1094 1588 repentini
1125 1504 1316 1590 irrumpunt.

197 1590 358 1653 Brittanni
385 1590 551 1672 repentino
579 1587 790 1654 barbarorum
816 1590 940 1672 impetu
960 1588 1070 1670 territi,
1100 1589 1317 1654 saevientibus

200 1672 325 1757 cedunt.
371 1670 496 1771 Cuique
527 1673 628 1737 vitam
658 1681 783 1737 tantum
816 1671 939 1736 salvare
972 1672 1048 1734 satis
1077 1671 1148 1736 fuit.
1196 1672 1317 1737 Rerum

139 1765 190 1808 ⁸⁹⁰·
199 1778 329 1820 suarum
356 1765 552 1841 ereptionem
586 1778 681 1820 nemo
715 1756 896 1843 quaerebat.
942 1754 993 1818 De
1021 1755 1089 1819 vita
1116 1753 1316 1822 solummodo

201 1840 374 1923 agitabant.
417 1839 512 1904 Unde
545 1850 576 1904 et
608 1842 673 1905 suis
705 1840 771 1905 fere
805 1839 952 1903 omnibus
981 1838 1149 1921 derelictis,
1181 1850 1317 1925 pyratae

200 1925 322 2009 passim
354 1925 530 2009 rapiuntur.
584 1925 738 2011 Quaeque
771 1921 941 1988 commoda
972 1932 1137 2008 asportant
1169 1945 1210 1988 ao
1243 1945 1317 1988 cum

200 2005 299 2071 multa
318 2029 426 2072 rerum
444 2007 548 2107 preda
568 2007 653 2072 nullo
675 2009 829 2073 renitente
849 2007 992 2072 redeunt.
1028 2007 1110 2070 Tam
1130 2006 1218 2071 felici
1240 2031 1275 2072 er
1298 2029 1315 2072 o

202 2111 351 2156 successu
380 2090 462 2178 elati,
492 2115 550 2178 per
579 2093 751 2157 exteriores
772 2092 971 2155 Brittanniae
992 2090 1071 2155 fines
1093 2112 1185 2154 secus
1208 2089 1263 2155 An
1287 2114 1316 2156 e-

198 2197 317 2258 gavum
331 2174 539 2262 Aquitaniam
560 2179 742 2263 irrumpunt
758 2175 921 2261 multaque
937 2173 1185 2260 depopulatione
1197 2185 1315 2240 terram

198 2259 375 2325 devastant.
411 2258 587 2325 Abducunt
607 2263 693 2326 viros
715 2283 753 2325 ac
775 2258 922 2324 mulieres
944 2276 1132 2344 puerosque.
1170 2259 1316 2340 Quorum

197 2346 412 2429 provectiores
442 2347 477 2408 in
504 2356 639 2432 utroque
668 2368 748 2409 sexu
775 2345 974 2410 obtruncant.
1018 2344 1138 2406 Pueros
1170 2344 1320 2408 servituti

197 2430 392 2514 mancipant,
420 2428 556 2494 feminas
585 2451 661 2494 vero
692 2451 773 2514 quae
801 2429 959 2492 formosae
985 2424 1177 2491 videbantur
1203 2428 1316 2512 prosti-

197 2521 299 2577 tuunt.

305 2633 334 2696 7.
380 2629 452 2694 Odo
474 2632 562 2694 rex‘l
585 2640 696 2695 contra
717 2633 871 2716 pyratasd
892 2631 1091 2695 exercitum(l
1111 2639 1214 2715 parat.

285 2730 350 2795 Sed
371 2730 514 2795 nonnulli
534 2733 625 2796 vario
648 2743 765 2796 eventu
787 2731 897 2819 elapsi,
925 2732 1072 2818 profugio
1095 2729 1211 2796 salvati
1234 2741 1316 2796 sunt.

200 2813 231 2877 A
253 2811 369 2900 quibus
390 2815 467 2879 dum
489 2817 737 2900 exagitarentur,
759 2839 837 2880 mox
857 2816 984 2882 Odonie
1006 2816 1075 2902 regi
1095 2813 1196 2880 relata
1217 2815 1316 2880 fuere.

200 2898 265 2978 Qui
286 2920 393 2963 rerum
414 2899 633 2984 magnitudine
647 2911 761 2983 motus,
785 2910 941 2988 quotquot
956 2923 997 2964 ex
1010 2899 1188 2987 Aquitania
1202 2901 1317 2984 potuit,

139 2980 327 3046 soafedicto
360 2983 450 3066 regio
482 2986 673 3069 congregari
699 2987 844 3070 precepit
875 2984 991 3049 milites
1022 2983 1220 3070 peditesque.
1264 2983 1319 3048 Ex

199 3065 365 3130 Provintia
408 3088 522 3153 uoque,
546 3090 627 3154 quae
641 3068 796 3133 Rhodano
819 3079 851 3132 et
865 3068 1002 3154 Alpibus
1024 3069 1169 3154 marique
1191 3088 1231 3131 ac
1254 3066 1318 3133 Go-

199 3148 326 3212 thorum
347 3149 404 3212 fin1
426 3173 463 3214 us
485 3152 734 3240 circumquaque
756 3153 902 3234 ambitur,
930 3151 1132 3216 Arelatenses
1153 3173 1193 3215 ac
1214 3150 1318 3216 Aura·

200 3234 346 3297 sicanos²
367 3233 487 3299 habuit.
534 3235 599 3300 Sed
621 3247 708 3302 etex
724 3237 841 3303 Gothia
855 3235 1053 3301 Tholosanos
1069 3243 1164 3321 atque
1179 3233 1318 3299 Nemau-

201 3319 288 3382 sinos
296 3327 318 3382 ³.
363 3317 488 3399 Quibus
515 3319 664 3404 collectis,
687 3323 845 3386 exercitus
866 3322 973 3405 regius
994 3321 1027 3382 in
1050 3318 1162 3383 decem
1189 3316 1320 3384 milibus

200 3403 352 3488 equiturn,
384 3402 529 3550 peditum
557 3427 634 3470 vero
662 3428 721 3469 sex
751 3404 879 3470 milibus
910 3413 986 3468 erat.
1029 3401 1182 3467 Procedit
1208 3403 1319 3490 itaque

202 3508 292 3551 secus
307 3486 386 3551 Brid
410 3490 492 3551 amb
500 3497 523 3569 ⁴,
538 3490 642 3552 sancti
656 3488 773 3552 Iuliani
786 3489 926 3552 martiris
942 3496 1081 3552 castrum
1088 3487 1113 3569 b,
1132 3487 1193 3550 iter
1207 3508 1318 3571 agens.

201 3569 417 3656 Sanctumque
444 3573 542 3669 regiis
567 3573 659 3636 donis
688 3580 867 3653 veneratus,
889 3570 1101 3636 Arvernicum
1127 3591 1251 3656 pagum
1272 3571 1319 3634 in.

238 3655 351 3718 editur.
394 3653 469 3716 Huc
489 3676 555 3718 1am
576 3654 682 3718 hostes
704 3654 900 3720 advenerant
914 3677 952 3720 ac
967 3664 1107 3720 castrum
1121 3652 1209 3739 quod
1222 3654 1318 3718 Mons

97 3756 192 3803 usar.
228 3735 362 3802 anchei⁵
378 3736 494 3802 dicitur
507 3737 688 3802 vehementi
700 3738 870 3804 hostilitate
884 3738 1081 3825 premebant.
1125 3737 1218 3802 *R'ex
1230 3739 1319 3823 prin·

274 3877 299 3946 *)
318 3880 337 3931 l.
357 3882 489 3933 maritima
510 3883 536 3932 1.
611 3880 647 3949 **)
667 3885 799 3935 Franciae
816 3885 841 3936 1.

259 4004 282 4058 a)
298 4007 438 4057 prebuerant
454 4011 474 4048 1.
534 4007 560 4060 b)
571 4013 623 4058 post
638 4009 689 4050 add.
743 4009 763 4062 c)
778 4012 900 4052 secessisse
917 4013 937 4054 1.
998 4008 1021 4062 d)
1038 4023 1061 4063 x,
1077 4020 1144 4062 pyra,
1160 4010 1244 4050 reitum
1259 4011 1317 4052 abac.

200 4062 222 4115 e)
240 4064 266 4105 O.
282 4066 444 4116 aprorumque.
503 4065 525 4123 f)-
539 4078 568 4108 ex
583 4069 623 4108 aer.

274 4179 302 4246 1)
321 4180 360 4232 Le
379 4181 445 4247 Puy,
471 4197 554 4249 prope
577 4182 664 4236 fontes
683 4183 798 4250 Ligeris.
873 4183 902 4250 2)
921 4183 1031 4235 Incolae
1055 4185 1121 4250 pagi
1141 4185 1217 4236 cuiue
1237 4190 1319 4253 eaput

200 4253 317 4319 Orange.
373 4251 404 4320 3)
423 4256 501 4305 Haec
521 4257 611 4306 omnia
631 4257 728 4308 dubiae
742 4256 889 4309 fideisuut.
945 4257 976 4324 4)
994 4258 1121 4309 Bricude.
1178 4255 1209 4324 ὅ)
1229 4259 1319 4310 Monta

198 4327 313 4392 pendes,
334 4342 349 4378 e
368 4329 475 4380 sinistra
493 4329 617 4382 Elaveris
636 4346 719 4398 prope
738 4331 914 4397 Aigueperse,
932 4331 1003 4381 infra
1022 4330 1169 4382 Olermont.
