2820 4824
350 361 504 412 RIGHERI
522 360 774 413 HISTORIARUM
792 361 904 412 LIBER
922 361 960 413 11.
1014 416 1016 419 ,
1181 363 1215 413 59

98 527 193 607 fusis,
226 526 423 613 profugiens,
458 528 515 592 vix
550 537 716 612 urgentem
750 528 860 591 evasit.
903 526 1054 592 Erluinus
1083 530 1277 595 victoriato.

99 612 234 697 potitus,
256 608 335 674 ahos
356 620 479 686 enecat,
500 609 580 675 alios
609 613 705 698 capit,
733 609 812 675 ahos
839 612 873 675 in
901 611 1010 697 fugam
1038 613 1135 698 cogit.
1177 615 1216 680 In

100 716 167 794 quo
187 695 285 759 etiam
305 695 477 760 certamine
498 693 730 760 interfectorem
744 693 896 780 Wilelmi‚
920 697 1066 781 quicum
1080 697 1215 762 Amulio

99 778 164 845 s1bi
177 779 266 843 vim⁸
281 777 439 861 intulerat,
454 778 603 844 militarib
618 779 827 844 insectatione
843 779 1092 865 comprehendit.
1115 781 1215 846 Ouius

99 883 217 927 manus
239 861 442 946 obtruncans,
464 863 498 925 in
515 861 668 927 ultionem
685 864 780 926 amici
795 862 997 928 Rhodomum
1017 865 1132 930 misit¹.
1165 869 1215 930 Ac

100 968 249 1012 cesorum
270 948 387 1032 ereptis
409 947 578 1029 manubiis,
600 947 642 1010 ad
663 959 792 1031 regem⁰
814 950 980 1012 concessit.

185 1048 237 1114 39.
271 1049 344 1129 Quo
365 1060 510 1135 tempore
524 1049 621 1134 Hugo
638 1046 706 1112 dux
726 1050 760 1112 in
781 1070 898 1134 magna
919 1053 1022 1134 gratia
1036 1052 1105 1136 regi
1125 1049 1214 1115 habi-

98 1143 161 1214 tus,
193 1133 263 1196 eius
291 1131 390 1196 filiam
419 1156 461 1198 ex
491 1153 581 1197 sacro
612 1131 738 1196 lavacro
768 1133 916 1217 suscepit.
963 1133 1059 1197 Unde
1086 1142 1214 1198 etcum

98 1217 181 1281 rex(1
203 1217 346 1281 omnium
369 1215 566 1282 Galliarum²
588 1216 704 1280 ducem
726 1217 900 1280 constituit.
949 1218 1021 1297 Quo
1051 1217 1131 1281 duce
1153 1240 1213 1282 rex

99 1301 280 1387 equitatum
300 1322 426 1386 parans,
448 1323 521 1364 cum
544 1299 711 1385 Gerberga
731 1301 843 1386 regina
863 1301 898 1364 in
917 1299 1125 1386 Aquitaniam
1139 1324 1271 1387 pro-att

98 1383 265 1450 ficiscitur.
309 1383 359 1448 Ac
399 1384 512 1449 urbem
547 1384 752 1449 Nivernicam
793 1384 963 1450 deveniens
972 1395 994 1466 ³,
1033 1383 1212 1450 Gothorum

98 1468 237 1533 ducem⁰
264 1469 509 1554 Ragemundum
538 1467 835 1554 Aquitanorumque
862 1469 1032 1554 precipuos
1060 1467 1125 1532 illic
1157 1470 1213 1535 ob·

97 1552 169 1616 rios
192 1573 272 1618 exce
296 1554 321 1617 it
329 1553 346 1616 s.
393 1552 492 1639 Apud
514 1574 592 1637 quos
620 1552 682 1616 dess
710 1553 948 1639 provinciarum
975 1574 1051 1616 cura
1075 1564 1212 1637 pertrac

97 1643 180 1719 tans,
202 1645 240 1700 ut
263 1639 270 1653 ’
296 1639 408 1702 orumh
431 1637 536 1700 omnia
558 1638 608 1700 sui
628 1637 707 1700 iuris
729 1635 920 1719 viderentur,
949 1637 989 1701 ab
1017 1638 1063 1701 eis
1085 1638 1212 1723 provin·

97 1719 163 1784 cias
178 1722 308 1819 recepit.
351 1719 419 1786 Nec
433 1719 554 1784 distulit
568 1742 678 1785 earum
693 1719 997 1785 administrationem
1013 1722 1058 1785 eis
1074 1721 1211 1787 credere.

98 1803 272 1873 Commisrt
300 1805 409 1890 itaque
441 1825 479 1868 ac
508 1826 565 1868 suo
595 1803 679 1869 dono
712 1803 798 1869 illosi
830 1805 1006 1891 principari
1039 1806 1211 1889 constituit,

96 1889 190 1974 regia
210 1887 369 1953 hilaritate
390 1886 505 1952 hilares
527 1888 630 1953 redire
652 1889 851 1973 permittens3
878 1909 916 1953 ac
945 1910 1017 1952 cum
1044 1890 1125 1954 duce
1151 1891 1212 1955 iter

95 1972 169 2056 ipse
190 1973 227 2036 in
248 1970 387 2037 Galliam
407 1981 604 2058 retorquens
625 1972 774 2036 Lauduni
797 1994 866 2036 sese
887 1973 1038 2058 recepit⁴.

160 2119 213 2182 40.
245 2116 399 2182 Arnulfus
423 2127 454 2182 et
475 2116 628 2264 Erluinup
648 2119 732 2243 regip
754 2119 901 2181 suasione
922 2119 956 2180 in
977 2118 1154 2182 amiciciam
1195 2160 1197 2162 -

572 2225 606 2266 re
630 2214 706 2266 eunt
731 2248 738 2263 .

182 2321 249 2386 Ubi
270 2344 401 2386 snorum
423 2318 592 2468 precipuos
613 2330 719 2406 preter
739 2320 853 2385 ducem
869 2318 1030 2404 colligens,
1052 2320 1141 2406 apud
1155 2343 1209 2386 eos

99 2402 227 2488 agebat,
248 2407 396 2491 quatinus
417 2407 478 2469 viri
498 2406 510 2467 i
533 2415 635 2470 ustres
657 2404 807 2468 Arnulfus
828 2415 923 2502 atque
944 2403 1095 2469 Erluinus
1113 2405 1210 2470 facta·

100 2509 174 2552 rum
187 2488 372 2556 iniuriarum
386 2491 576 2554 inmemores
588 2489 700 2553 fierent
710 2510 748 2551 ac
759 2489 793 2551 in
803 2487 1016 2553 bemvolentia
1031 2490 1208 2572 unirentur;

99 2573 168 2636 suis
188 2571 282 2642 rebus
304 2575 537 2660 prosperiorem
560 2582 711 2637 eventurn
738 2573 846 2638 deberi
875 2581 961 2636 ratus
984 2595 1114 2636 suorum
1136 2595 1209 2637 con-

98 2654 219 2720 cordia.
263 2657 455 2722 Convocatis
476 2659 583 2742 itaque
605 2656 644 2721 de
666 2657 812 2720 amicicia
826 2656 952 2738 suadet3
976 2679 1043 2722 sese
1058 2659 1140 2721 inter
1154 2679 1209 2721 eos

94 2740 238 2805 iudicem
259 2742 385 2826 penitus
407 2742 599 2826 aequitatem
617 2742 742 2840 utrique
761 2741 844 2826 parti
859 2741 1016 2804 facturum
1030 2739 1209 2826 pollicensi.

96 2822 290 2890 Concedunt
310 2826 417 2923 itaque
439 2846 477 2888 ae
498 2826 609 2888 iussis¹
631 2827 726 2909 reglis
748 2834 900 2910 parentm.
942 2825 1100 2911 Datisque
1122 2825 1210 2889 vadi·

94 2906 168 2991 bus,
191 2931 209 2974 e
233 2911 341 2973 uitatis
368 2930 438 2972 lura
465 2917 666 2973 exsecuntur.
708 2909 779 2974 Rex
807 2931 880 2972 cum
904 2910 1047 2972 utrisne
1076 2908 1208 2992 faveret,

94 2930 275 3078 quamlibet
302 2994 427 3078 utrique
455 2990 674 3057 liberalitatem
703 2993 846 3062 conferre
875 2931 1096 3057 meditabatur.
1146 2993 1211 3074 Qui

94 3097 171 3140 cum
192 3075 365 3142 Arnulfum
387 3075 427 3139 de
447 3077 740 3161 recompensatione
761 3099 867 3141 rerum
895 3087 1073 3161 ereptarum
1098 3086 1210 3141 nutare

94 3181 134 3224 ac
155 3159 327 3225 Erluinum
348 3161 516 3224 instantius
537 3161 655 3224 amissa
675 3169 817 3245 repetere
832 3160 1018 3240 adverteret,
1041 3159 1210 3223 Amulium

118 3266 227 3332 uoque
249 3246 371 3308 maiora
391 3244 618 3324 restituturum,
650 3265 687 3307 eo
718 3243 803 3330 quod
831 3245 899 3328 ipse
928 3243 1081 3328 ampliore
1103 3265 1210 3307 rerum

94 3264 267 3415 dispendio
289 3327 457 3392 Erluinum
479 3327 629 3408 affecerit,
658 3325 789 3390 Erluino
811 3325 1005 3390 Ambianum
1030 3327 1064 3389 in
1089 3348 1209 3391 recom-

94 3413 285 3498 pensatione
307 3413 497 3476 amissorum
517 3433 576 3496 pro
599 3409 731 3473 Arnulfo
750 3411 915 3474 concessit.
959 3410 1075 3495 Sicque
1089 3410 1209 3476 factum

95 3505 154 3578 est,
176 3507 213 3561 ut
239 3494 373 3560 Erluino
400 3517 457 3558 sua
484 3495 724 3559 restituerentur
745 3498 798 3558 *et
818 3491 951 3557 Arnulfo
981 3515 1038 3556 sua
1065 3515 1129 3557 non
1151 3495 1273 3560 mi··fol.
1290 3516 1334 3561 21⁴.

93 3589 298 3646 nuerenturss.
347 3579 444 3677 Regis
471 3580 578 3664 itaque
606 3577 761 3642 industria
789 3579 823 3641 in
849 3577 1027 3640 amiciciam
1057 3579 1208 3661 revocati,

93 3664 187 3750 regia
208 3665 337 3749 negotia
358 3662 475 3728 exmde
497 3662 659 3727 curabant.

155 3861 179 3914 a)
197 3864 276 3914 copias
294 3865 313 3903 1.
372 3860 396 3912 b)
413 3863 429 3903 i.
445 3873 476 3903 m.
493 3863 513 3903 1.
588 3860 609 3912 c)
626 3872 677 3902 sese
692 3861 742 3900 add.
759 3863 779 3902 1.
854 3858 877 3910 d)
899 3861 1011 3900 Francius
1026 3871 1084 3900 corr.
1101 3871 1119 3901 r.
1137 3871 1158 3901 o.
1177 3859 1206 3902 G.

92 3921 117 3974 e)
142 3923 191 3963 dux
216 3925 235 3964 1.
303 3920 321 3973 t)
341 3921 422 3960 habult
445 3922 465 3960 1.
532 3917 555 3969 g)
575 3921 603 3960 de
626 3930 698 3969 regno
722 3921 741 3960 1.
808 3916 831 3968 h)
854 3929 896 3958 sua
919 3930 939 3960 o.
963 3920 1009 3960 vid.
1034 3921 1054 3958 1.
1114 3917 1133 3968 i)
1155 3923 1208 3968 post

93 3982 146 4024 add.
227 3979 252 4032 k)
269 3981 296 4021 rl.
314 3981 355 4033 asi,
371 3980 399 4020 de
414 3979 470 4019 abac.
530 3980 547 4030 l)
565 3980 601 4018 dic
616 3979 706 4018 scribare
721 3983 821 4027 coeptum.
897 3975 927 4028 m)
946 3978 1029 4017 cedunt
1046 3979 1066 4018 1.
1122 3975 1147 4028 n)
1164 3979 1206 4017 mi·

94 4044 238 4085 notarentur
256 4041 275 4082 1.

172 4189 201 4257 1)
215 4187 359 4256 amputatis
373 4186 494 4239 monibus
510 4185 594 4252 ipsias
607 4185 753 4236 Rodomam
771 4185 914 4236 transmisit
927 4184 1004 4236 Flod.
1080 4183 1109 4250 2)
1123 4199 1170 4235 rea
1184 4183 1209 4235 ei

93 4265 224 4316 ducatum
231 4263 366 4314 Franeioe
376 4260 504 4328 delcyaoit
513 4259 592 4310 Flod.
648 4258 678 4325 3)
687 4259 765 4309 Haec
775 4259 904 4308 Richerus
915 4257 1023 4309 adiecit.
1081 4257 1108 4322 t)
1119 4273 1206 4309 rever-

94 4337 211 4388 titurio
229 4334 376 4386 standum
394 4334 481 4398 Flod,
501 4334 547 4400 qui
566 4333 706 4398 sequentia
724 4331 841 4381 breviter
859 4336 956 4381 narrat.
