2820 4824
216 374 270 426 176
456 373 610 424 RIOHERI
628 371 881 425 HISTORIARUM
902 372 1014 424 LIBER
1033 373 1103 425 IIII.

156 551 302 606 ⁹⁹⁶·nunc
323 550 398 627 post
418 548 465 603 tot
487 539 728 604 ammonitiones
750 539 903 603 domnum
924 539 1009 603 hunc
1025 539 1180 605 abbatem
1194 540 1327 607 Leonem

217 634 248 691 et
268 624 462 689 monachum
484 623 608 686 mittere
629 621 746 703 voluit,
777 625 832 708 qui
860 625 947 687 vices
974 645 1048 687 suas
1077 633 1187 689 teneat
1216 634 1249 690 et
1268 647 1326 690 rem

216 716 425 773 memoratam
446 703 540 770 nobis
562 705 803 771 oboedientibus
826 706 991 770 discuciat.
1034 707 1098 771 Per
1119 731 1218 794 quem
1241 710 1325 773 etiam

112 611 169 654 Iun.
188 614 207 651 a.

217 793 371 877 scripturn
393 813 467 854 suae
490 789 660 854 voluntatis
681 788 847 875 allegavit,
874 799 924 872 ut,
951 792 978 854 si
1022 790 1079 854 uid
1102 791 1224 857 oblivio
1247 793 1325 857 dero·

216 886 320 960 garet,
349 877 467 959 scripto
497 873 754 938 commendatum
778 873 957 939 haberetur.
1000 814 1098 955 duod
1119 885 1152 940 et
1173 876 1325 962 inpresen-

216 963 331 1024 tiarum
354 958 463 1024 audire
485 956 561 1022 utile
583 959 649 1021 est'.
692 957 736 1021 Et
757 959 863 1022 statim
889 957 1022 1043 protulit
1051 960 1211 1044 scriptum
1239 971 1324 1045 atque

215 1045 249 1108 in
267 1065 358 1108 aures
374 1041 607 1107 considentium
621 1042 777 1123 recitavit,
800 1040 895 1126 quod,
913 1043 988 1127 quia
1002 1041 1154 1107 brevitati
1170 1043 1323 1108 studemus

216 1136 247 1192 et
267 1125 361 1191 nobis
382 1127 487 1189 minus
516 1124 577 1189 fuit
603 1124 862 1207 accommodum,
891 1126 1007 1190 nostris
1036 1127 1167 1211 scriptis
1196 1129 1322 1192 inserere

213 1212 415 1278 vitavimus1.

290 1367 359 1429 101.
405 1365 516 1430 Oratio
540 1363 706 1428 Gerberti¹¹
728 1386 786 1449 pro
809 1387 842 1428 se
863 1365 916 1427 inb
939 1363 1096 1429 concilioa
1118 1367 1263 1430 recitata.

299 1468 377 1532 Post
399 1469 490 1531 cuius
523 1466 742 1530 recitationem
766 1464 941 1531 Gerbertus
971 1468 1110 1532 surrexit
1139 1476 1173 1531 at
1195 1490 1236 1531 ue
1264 1489 1320 1532 ora

214 1552 332 1617 tionem
355 1573 413 1637 pro
436 1573 470 1614 se
491 1551 643 1634 scriptam
664 1551 699 1612 in
720 1549 855 1613 concilio
877 1571 955 1613 mox
975 1551 1131 1614 recitavit.
1174 1489 1319 1637 (batisque

215 1635 302 1721 apud
323 1633 392 1698 illos
414 1633 590 1698 luculenter
611 1634 780 1719 peroravit.
825 1632 889 1698 Sed
903 1632 986 1698 hanc
1001 1633 1119 1699 addere
1134 1634 1188 1698 hic
1203 1634 1320 1721 placuit,
1339 1642 1342 1645 ’

237 1719 302 1783 uod
323 1717 418 1804 plena
438 1717 614 1782 rationibus
637 1716 808 1816 plurimam
828 1715 940 1781 lectori
961 1716 1131 1783 utilitatem
1157 1727 1318 1805 comparat.

216 1740 315 1868 dutus
337 1811 443 1866 textus
464 1800 647 1864 huiusmod1
669 1802 776 1866 est⁰·*:

91 1987 107 2008 r
119 2002 142 2042 p.
153 1989 204 2033 655.
286 1974 314 2042 *)
623 1972 727 2040 *(1oa.)
765 1973 920 2026 Exordium.

334 2069 454 2135 ‘Semper
478 2069 600 2134 quidem,
626 2067 832 2117 reverentissimi
850 2070 953 2132 patres,
980 2065 1051 2116 hanc
1076 2066 1149 2116 diem
1174 2083 1222 2133 pre
1247 2065 1318 2118 oculis

332 2142 428 2205 habui,
454 2157 501 2208 spe
527 2157 559 2190 ac
585 2146 646 2191 voto
666 2139 700 2189 ad
721 2154 779 2188 eam
798 2137 915 2202 intendi,
942 2155 975 2189 ex
999 2155 1051 2204 quo
1075 2154 1092 2188 a
1112 2139 1240 2191 fratribus
1264 2139 1317 2189 meis

333 2215 498 2277 admonitus,
524 2229 590 2264 onus
610 2214 661 2263 hoc
686 2211 831 2262 sacerdotii
854 2226 907 2262 uon
927 2213 984 2263 sine
1009 2212 1129 2278 periculo
1157 2214 1254 2279 capitis
1276 2213 1317 2262 nei

333 2289 410 2341 subii.
448 2289 528 2338 Tanti
548 2291 605 2336 erat
624 2285 696 2352 apud
715 2301 757 2335 me
776 2286 911 2351 pereuntis
930 2285 1022 2351 populi
1041 2285 1131 2349 salus,
1157 2288 1225 2336 tanti
1243 2291 1318 2336 vestra

332 2363 491 2422 auctoritas,
518 2375 571 2425 qua
590 2375 631 2408 me
650 2364 735 2409 tutum
760 2357 816 2407 tore
842 2358 1036 2409 existimabam.
1074 2359 1249 2409 Recordabar
1270 2372 1316 2424 pre-

331 2437 468 2486 teritorum
482 2431 679 2493 beneficiorum,
694 2430 780 2481 dulcis
793 2435 873 2495 atque
884 2430 998 2482 affabilis
1008 2431 1209 2483 benivolentiae
1219 2436 1317 2491 vestrae,

333 2523 386 2574 qua
413 2521 606 2572 saepenumero
635 2521 694 2555 curn
723 2503 807 2553 multa
829 2503 909 2554 laude
933 2505 1108 2570 prestantium
1132 2521 1197 2556 usus
1220 2505 1315 2556 fueram.

333 2581 400 2631 Cum
419 2596 484 2630 ecce
503 2573 627 2630 subitusss
646 2593 734 2627 rumor
763 2592 810 2626 vos
837 2576 951 2628 offensos
976 2578 1094 2628 insinuat
1118 2579 1240 2644 vitioque
1264 2577 1315 2627 dare

332 2654 453 2716 laborat,
483 2651 554 2718 quod
584 2666 681 2716 magna
710 2654 831 2716 paratum
858 2651 956 2700 virtute
985 2651 1054 2701 iuter
1083 2651 1152 2702 alios
1181 2651 1315 2702 constabat

331 2726 443 2786 Horrui,
466 2725 566 2785 fateor3
600 2729 626 2773 et
651 2739 717 2788 quos
741 2727 803 2772 ante
828 2721 1005 2774 formidabam
1029 2723 1152 2788 gladios,
1183 2741 1231 2791 pre
1260 2721 1316 2775 iudi·

332 2799 458 2862 gnatione
477 2802 566 2846 vestra
584 2797 735 2861 posthabui.
772 2795 848 2845 Nunc
868 2797 932 2860 quia
950 2797 1066 2863 propitia
1084 2797 1220 2848 Divinitas
1240 2810 1316 2848 coram

334 2868 457 2934 contulit,
478 2869 573 2934 quibus
598 2867 710 2919 salutem
736 2883 822 2918 meam
848 2884 953 2935 semper
977 2871 1111 2930 commisi,
1137 2887 1226 2936 pauca
1250 2881 1316 2935 snper

332 2942 513 2992 innocentiam
532 2957 617 2991 meam
637 2940 762 3007 referam,
790 2946 950 3007 etquenam
971 2941 1082 2993 consilio
1104 2944 1166 2993 urbi
1187 2945 1316 2994 Remorum

333 3012 452 3081 prelatus
472 3015 520 3064 sim
542 3014 695 3066 edisseram.
733 3015 792 3080 Ego
813 3016 911 3081 quippe
931 3021 992 3081 post
1010 3016 1111 3066 obitum
1134 3016 1190 3066 divi
1204 3014 1316 3069 Otthonis

333 3088 452 3152 augusti,
477 3103 536 3138 cum
561 3089 712 3138 statuissem
737 3103 790 3138 non
817 3087 955 3138 discedere
982 3104 999 3138 a
1024 3087 1152 3140 clientela
1174 3085 1316 3156 patriensi

332 3161 404 3212 beati
418 3160 603 3226 Adalberonis,
625 3162 658 3211 ab
679 3161 773 3211 eodem
786 3161 912 3225 ignorans
926 3161 960 3211 ad
979 3161 1160 3212 sacerdotium
1180 3161 1316 3228 preelectus

331 3251 402 3299 sum;
433 3240 513 3300 atque
538 3235 565 3284 in
594 3235 650 3285 eius
677 3233 797 3284 discessu
826 3233 861 3283 ad
887 3235 1030 3285 Dominum
1061 3251 1152 3285 coram
1183 3235 1315 3286 illustribus

331 3309 394 3359 viris
419 3309 520 3358 futurus
547 3307 679 3358 ecclesiae
699 3312 796 3372 pastor
821 3306 984 3372 designatus.
1029 3307 1084 3358 Sed
1103 3308 1257 3360 simoniaca
1278 3307 1315 3356 he-

330 3382 396 3432 resia
415 3383 442 3431 in
455 3381 528 3432 Petri
541 3380 677 3431 soliditate
690 3396 732 3430 me
751 3384 867 3430 stantem
880 3382 1027 3443 inveniens,
1046 3381 1172 3447 reppulit,
1190 3379 1315 3432 Amulium

330 3454 448 3522 pretulit.
504 3453 555 3504 Oui
578 3459 668 3504 tamen
692 3453 753 3519 plus
777 3468 855 3517 quam
882 3455 1027 3520 oportuerit
1057 3451 1140 3504 fidum
1171 3454 1315 3520 obsequium

329 3529 438 3594 prebui,
471 3527 557 3578 donec
588 3543 647 3576 euru
671 3542 720 3591 per
743 3526 840 3577 multos
867 3531 893 3576 et
921 3543 969 3593 per
993 3542 1035 3576 me
1060 3533 1214 3592 apostatare
1239 3525 1315 3593 palan

330 3600 499 3666 intelligens,
524 3600 586 3650 dato
612 3599 716 3665 repudii
738 3597 845 3662 libello,
871 3615 931 3649 cum
955 3599 1077 3650 omnibus
1096 3601 1152 3651 suis
1172 3597 1314 3666 apostaticis

331 3673 476 3739 dereliqui3
496 3689 549 3723 non
568 3689 624 3738 spe,
644 3688 695 3722 nec
708 3673 833 3735 pactione
847 3673 1006 3738 capessendi
1020 3674 1076 3723 eius
1097 3673 1212 3736 honoris,
1231 3677 1259 3723 ut
1272 3668 1314 3721 mei

331 3746 428 3796 aemuli
442 3746 547 3808 dicunt,
560 3745 609 3796 sed
623 3746 794 3796 monstruosis
805 3745 929 3811 operibus
940 3744 1059 3796 diaboli⁸
1069 3746 1184 3810 territus,
1197 3748 1226 3796 in
1239 3743 1313 3808 effigit

331 3819 444 3868 hominis
463 3818 603 3869 latitantis.
640 3819 708 3880 Non,
727 3819 844 3883 inquam,
864 3818 925 3869 ideo
944 3817 1019 3868 illum
1045 3817 1192 3884 dereliqui,
1221 3817 1267 3870 sed
1287 3828 1313 3864 nc

94 3905 204 3947 urerer,
331 3889 398 3940 illud
428 3891 613 3956 propheticum
643 3892 819 3941 incurrerem:
865 3891 968 3957 “Impio
999 3891 1096 3957 prebes
1127 3892 1267 3953 auxilium,
1293 3889 1313 3936 el

129 3965 166 4004 19.
182 3965 203 4005 2.

273 4031 295 4084 a)
311 4031 445 4085 G(erbertl),
460 4035 483 4074 io
499 4034 556 4075 abre.
626 4033 650 4087 b)
667 4040 689 4075 et
705 4046 719 4075 a
734 4047 758 4075 se
773 4037 848 4077 lectae
865 4038 885 4079 1.
958 4034 1071 4086 emotum
1085 4031 1312 4084 armamentorum

213 4092 319 4140 inscripta
334 4097 387 4139 erat,
401 4093 473 4141 periit.
498 4094 527 4131 Aa
542 4093 641 4132 addimus
657 4106 701 4134 eom
716 4095 779 4144 iufra
794 4105 819 4134 aa
834 4095 903 4134 codiee
919 4094 1312 4144 Lapaaamainrerroau.1⁷oaara

212 4151 241 4190 N.
257 4150 300 4201 54,
316 4151 355 4190 abi
368 4151 434 4190 multo
450 4152 585 4198 amedeum,
607 4163 671 4202 qaam
686 4155 746 4202 apud
761 4153 920 4194 Oemuriatorca
938 4154 1052 4204 armatur,
1074 4158 1139 4195 extat.
1206 4152 1229 4204 d)
1249 4151 1312 4193 subite

205 4210 343 4250 «contrarius
358 4211 389 4251 ed.
449 4209 470 4260 e)
486 4211 541 4250 deest
556 4221 588 4260 c.;
605 4222 625 4250 o.
641 4212 729 4252 diaboli
743 4213 835 4252 virtutis
850 4213 876 4252 tn
891 4213 922 4252 ed.

284 4340 316 4406 l)
335 4342 429 4408 Neque
449 4344 520 4410 apud
541 4343 698 4396 Gerbertum
716 4344 822 4412 legitur.
