2820 4824
236 354 269 402 14
496 347 651 399 RIOHERI
670 346 923 399 HISTORIARUM
942 347 1054 398 LIBER
1072 348 1095 397 Ι.

173 547 223 587 099,
440 515 488 579 17.
532 513 712 578 Interfectio
734 513 885 578 Fulconis
907 514 1151 600 archiepiscopi.

320 619 392 697 Quo
414 639 473 681 rex
501 626 664 702 comperto
690 618 724 680 in
744 616 938 681 Balduinum
960 616 1067 698 fertur,
1090 638 1129 680 ac
1149 616 1255 682 multa
1277 617 1357 682 obsi-

236 702 340 766 dionis
361 703 394 764 vi
417 710 554 765 castrum
576 699 767 765 Atrabatum
796 700 837 764 ab
867 724 905 765 eo
932 701 1035 764 aufert
1061 709 1157 786 atque
1188 722 1265 765 cum
1292 710 1358 767 tota

237 787 338 850 sancti
359 784 492 848 Vedasti
520 784 651 848 abbatia
676 783 811 848 Falconi
837 785 979 870 predicto
1007 782 1255 870 metropolitano
1287 807 1356 849 con-

237 869 321 933 cedit
331 881 351 933 ¹.
395 868 440 932 At
465 878 540 953 post
564 867 685 953 aliquot
711 879 858 954 tempora
883 867 1145 953 metropolitanus
1169 867 1211 932 ob
1235 870 1355 933 itineris

235 953 499 1038 longinquitatem
516 953 732 1037 fratrumquea
741 951 1247 1016 incommoditatem³Altmarum
1262 955 1355 1017 comi·

235 1048 301 1102 tem
322 1038 529 1118 accersiensb,
552 1035 716 1100 abbatiam
739 1038 840 1100 sancti
855 1035 1012 1116 Medardi,
1034 1057 1131 1121 quam
1152 1037 1224 1120 ipse
1249 1058 1355 1100 comes

236 1121 373 1204 tenebat,
407 1121 449 1185 ab
479 1143 515 1184 eo
543 1122 669 1205 accipit,
699 1129 731 1184 et
755 1142 813 1205 pro
842 1143 880 1184 ea
907 1119 1071 1184 abbatiam
1099 1121 1201 1183 sancti
1222 1120 1355 1184 Vedasti

238 1227 310 1270 cum
325 1215 429 1270 castro
444 1204 611 1285 Atrabato,
626 1204 802 1268 rationibus
823 1205 919 1268 utrim
943 1225 982 1266 ue
1001 1203 1128 1285 habitis,
1152 1205 1181 1266 ei
1203 1204 1353 1290 impertit.

176 1289 352 1355 oooUnde⁰
384 1299 415 1353 et
447 1289 489 1352 ad
520 1289 655 1351 nimiam
689 1286 882 1372 pertrahitur
912 1226 1090 1351 dadanus
1123 1286 1352 1352 crudelitatem.

236 1373 400 1459 Multaque
422 1373 554 1436 affectus
576 1373 752 1453 anxietate,
780 1372 823 1435 ad
850 1371 1002 1436 ultionem
1035 1372 1161 1455 penitus
1182 1393 1254 1435 sese
1285 1393 1354 1436 con-

236 1459 340 1522 vertit.
383 1456 570 1520 Amicitiam
592 1476 667 1539 ergo
690 1456 776 1518 circa
804 1455 1083 1554 metropolitanum
1112 1454 1250 1519 simulat.
1295 1456 1355 1520 Per

236 1541 359 1626 legatos
396 1560 522 1624 quoque
557 1537 691 1602 multam
725 1539 973 1603 benivolentram
1009 1539 1162 1603 mandatd
1193 1539 1354 1624 fidemque

239 1623 383 1709 spondet.
431 1620 515 1685 Illud
543 1632 651 1687 tamen
677 1621 777 1687 multa
805 1635 953 1687 suorum⁰
982 1622 1163 1687 curiositate
1196 1622 1353 1704 observat,

237 1718 344 1772 utrum
374 1707 517 1792 privatus
543 1728 584 1770 an
614 1728 688 1770 eum
717 1708 818 1792 copiis
843 1708 928 1792 regis
957 1706 1112 1794 palatium
1143 1716 1254 1792 petere
1283 1728 1354 1771 con-

238 1799 372 1871 suescat,
401 1791 561 1874 privatum
589 1789 688 1853 multo
709 1791 781 1854 nisu
802 1792 956 1876 impetere
979 1791 1120 1876 cupiens.
1164 1789 1257 1854 Haec
1279 1791 1353 1854 dum

239 1877 285 1938 sic
306 1872 506 1956 haberentur,
528 1896 587 1958 pro
609 1875 705 1959 regiis
728 1876 832 1938 causis
854 1875 996 1959 contigit,
1017 1875 1188 2022 episcopos
1202 1874 1354 1960 Belgicae

232 1958 325 2044 'apud
345 1980 456 2042 regem
478 1960 675 2043 congregari.
719 1958 813 2022 Unde
836 1968 867 2023 et
888 1969 1032 2044 metropo
1047 1960 1149 2022 'tanus
1171 1959 1353 2040 accersitus,

239 2064 312 2106 eum
333 2043 394 2106 iter
414 2041 592 2106 accelerare
613 2053 749 2128 pararet,
776 2044 922 2107 incautus
945 2065 1018 2106 cum
1064 2043 1151 2106 aucis
1172 2042 1351 2106 festinabat.

238 2127 300 2192 Oui
321 2149 399 2191 mox
419 2127 509 2190 affuit
530 2125 661 2212 quidam
683 2126 887 2191 Winemarus
907 2148 983 2190 cum
1005 2065 1133 2191 cohorte
1154 2149 1175 2190 a
1195 2125 1354 2191 Balduino

236 2213 352 2276 missus
360 2216 384 2276 *.
427 2210 692 2297 Metropolitanus
722 2232 795 2274 cum
821 2221 905 2274 esset
930 2232 1004 2273 cum
1029 2216 1152 2296 paucis,
1182 2233 1203 2274 a
1225 2208 1353 2275 cohorte

237 2318 309 2360 cum
331 2299 400 2365 suis,
418 2298 612 2382 interceptus
635 2305 691 2359 est.
728 2294 833 2358 Nullil
853 2296 948 2379 fugae
969 2293 1058 2358 locus
1079 2295 1192 2378 patuit.
1232 2293 1351 2360 Omnes

139 2379 539 2446 ‘retroneumvallanturs
561 2389 657 2464 atque
678 2380 904 2464 impetunturl.
949 2378 1151 2442 *Admodum
1173 2379 1352 2464 *utrimque

126 2449 399 2552 'pggssdimicana
443 2464 612 2546 Utrimque
644 2462 707 2524 fusi
737 2461 960 2546 procumbunt.
1005 2463 1211 2528 Winemarus
1239 2471 1352 2526 metro-

127 2540 411 2634 neapolitanum
426 2545 566 2626 adortus,
587 2545 700 2607 lancea
713 2546 867 2608 inermem
881 2546 1053 2632 transfigiti
1068 2555 1163 2631 atque
1177 2546 1262 2610 inter
1281 2567 1353 2609 suos

236 2640 358 2715 septem
389 2627 574 2692 vulneribus
607 2629 785 2692 sauciatum
816 2630 994 2714 precipitat.
1049 2628 1110 2694 Oui
1142 2651 1218 2694 cum
1250 2629 1353 2694 adhuc

235 2716 318 2777 ictus
349 2711 527 2776 intenderet
535 2712 560 2792 ¹¹,
594 2711 725 2796 quidam
759 2733 897 2795 suorum,
926 2713 1025 2778 multo
1055 2713 1215 2798 episcopi¹
1244 2735 1352 2777 amore

236 2797 333 2877 ducti,
363 2818 458 2881 super
486 2816 560 2857 eum
588 2796 810 2880 procumbunt.
855 2797 919 2877 Qui
942 2819 1015 2860 cum
1037 2819 1074 2861 eo
1102 2819 1180 2861 mox
1207 2797 1353 2863 transfixi

234 2890 331 2965 atque
353 2880 449 2943 occisi
472 2888 552 2943 sunt.
597 2879 743 2958 Quatuor
763 2889 887 2944 tantum
913 2882 992 2966 fuga
1012 2880 1163 2946 labuntur
1171 2894 1202 2963 ¹¹¹,
1230 2882 1287 2966 qui
1308 2881 1353 2944 rei

234 2965 400 3048 negotium
427 2963 536 3027 Remis
565 2960 791 3029 demonstrant.
835 2965 927 3028 Tunc
957 2987 1034 3030 vero
1066 2988 1185 3050 magna
1215 2963 1353 3029 militum

234 3070 349 3112 manus
371 3046 412 3111 ab
433 3046 512 3110 urbe
533 3067 610 3110 mox
625 3068 698 3110 cum
716 3049 813 3112 armis
836 3047 961 3130 educta,
983 3048 1181 3114 adversarios
1203 3071 1297 3135 perse
1319 3049 1352 3110 ui

236 3141 376 3196 conatur.
422 3130 487 3196 Sed
509 3131 555 3193 eis
577 3129 626 3195 ela
650 3133 702 3214 sis,
730 3131 895 3197 dominum
917 3133 1061 3197 occisum
1084 3155 1157 3197 cum
1179 3133 1245 3196 suis
1268 3153 1306 3196 co
1331 3133 1352 3180 ‘-

234 3226 313 3300 gunt
341 3225 374 3281 at
396 3226 461 3280 ue¹¹
482 3213 581 3279 multo
632 3215 727 3280 oloris
754 3216 894 3281 lamento
920 3217 1039 3281 Remos
1069 3216 1247 3302 deportant,
1280 3237 1352 3280 cum

235 3300 393 3366 sacerdoti
416 3322 454 3364 us
470 3298 667 3363 sacerdotem
678 3299 815 3386 plurimo
826 3301 991 3386 dignitatis
1003 3300 1156 3386 obsequio
1170 3300 1350 3364 condentes.

548 3421 598 3484 18.
640 3419 839 3486 Winemari⁰
859 3421 1005 3486 interitus
1013 3433 1037 3485 ⁰.

316 3524 463 3588 Interea³
479 3521 616 3588 collectis
630 3544 650 3586 a
675 3523 718 3588 ud
732 3546 843 3622 regem
854 3523 1022 3609 episcopis,
1037 3522 1112 3588 talia
1123 3544 1201 3587 mox
1214 3522 1351 3588 referun-

233 3616 294 3672 tur.
338 3605 434 3687 Quod
456 3607 551 3670 etiam
573 3627 660 3670 omm
684 3629 721 3671 us
749 3608 884 3671 mmium
913 3608 1012 3671 animi
1040 3608 1173 3672 incussit
1201 3605 1351 3671 dolorem.

306 3749 332 3818 *J
352 3756 379 3802 et
398 3752 514 3802 omnium
535 3768 601 3818 quos
619 3758 691 3804 terra
710 3754 824 3804 sustinet
842 3751 1085 3804 sceleratissimus²
1105 3753 1170 3804 add.
1192 3753 1216 3816 1,
1236 3752 1288 3804 del.
1309 3726 1346 3802 2.Ι

292 3857 315 3911 a)
331 3859 347 3902 t.
357 3860 373 3901 i.
382 3861 407 3900 ἐπ
414 3870 490 3910 moro„
505 3861 543 3900 ubi
555 3862 598 3913 fra,
612 3872 650 3903 mo
663 3862 719 3906 absc.
764 3861 788 3914 b)
802 3862 932 3902 rationibus
944 3861 1029 3902 habitis
1043 3863 1094 3902 odd.
1103 3864 1124 3913 1,
1139 3861 1179 3904 del,
1188 3862 1209 3904 2.
1255 3859 1277 3912 c)
1285 3862 1352 3903 Unde

233 3940 260 3950 -
277 3920 396 3968 Multaque
413 3920 433 3961 2.
461 3921 651 3963 ....nimlum
672 3922 770 3961 incussit
796 3921 914 3961 Balduino
940 3921 1013 3960 animi
1040 3921 1151 3962 dolorem.
1189 3920 1315 3968 Nimiaque
1331 3922 1352 3962 l.

233 3977 257 4029 d)
273 3978 371 4028 spondet
387 3979 408 4020 1.
468 3977 490 4031 e)
504 3984 561 4029 post.
577 3980 628 4019 odd.
688 3977 749 4031 slln
764 3981 845 4030 primis
857 3985 909 4030 post
923 3980 982 4031 add,
1003 3980 1042 4019 del.
1059 3981 1081 4023 2.
1140 3977 1164 4030 3)
1181 3979 1352 4019 clrcumvallati

232 4041 287 4076 sunt
302 4039 323 4087 1,
339 4037 386 4078 ai.
400 4041 451 4087 post
467 4039 517 4079 add.
578 4037 602 4089 h)
618 4039 768 4080 Winemarus
789 4040 993 4089 metropolitanum
1016 4040 1109 4078 adortus
1132 4039 1216 4078 lances
1238 4038 1351 4079 inermem

232 4095 348 4144 transfigit
378 4097 427 4139 aad.
449 4097 494 4136 iam
514 4098 553 4137 too
573 4098 618 4136 loco
641 4099 661 4149 1,
689 4097 729 4138 del.
746 4099 766 4140 2.
797 4097 917 4146 siquidem
938 4109 961 4140 u.
981 4098 1052 4148 percit
1070 4100 1089 4139 1.
1165 4095 1183 4148 t)
1206 4097 1311 4145 trsnflgit
1334 4108 1352 4136 e.

232 4152 257 4206 k)
266 4157 404 4198 atacem-A.
448 4154 640 4207 innuamus.
679 4155 931 4208 m)isa2;.....ereptis
942 4159 963 4198 1.
1002 4155 1027 4208 n)
1037 4158 1154 4199 secuml.
1198 4153 1351 4208 o)e,inaboc.

308 4247 335 4314 1)
355 4251 432 4302 Haec
452 4267 484 4301 ex
497 4251 575 4304 Flod.
588 4252 661 4302 Hist.
675 4252 751 4303 Rem.
764 4253 812 4317 1v‚
828 4254 870 4303 10.
890 4258 979 4304 sumta
997 4257 1067 4304 sunt.
1143 4249 1173 4317 2)
1186 4251 1277 4305 Verba
1290 4250 1354 4302 Sal·

231 4322 295 4374 lusti
314 4324 375 4389 Iug.
395 4341 420 4376 o.
441 4325 484 4375 14.
560 4320 590 4390 3)
609 4323 688 4375 Flod.
708 4324 726 4375 l.
745 4325 763 4378 l.
