2820 4824
211 334 246 383 32
475 328 628 381 RIOHERI
647 328 899 381 HISTORIARUM
917 328 1029 380 LIBER
1048 329 1071 379 1.

151 498 360 564 sssManasse
387 519 426 560 ae
446 496 590 560 Vamero
617 494 802 576 comitibus,
830 493 1337 584 100001010101000Αο003100ι

211 581 380 668 episcopis,
402 580 483 643 adeo
506 578 668 660 defecisse,
690 588 857 642 uteorum
872 576 954 643 960³
976 579 1084 664 apud⁸
1105 592 1252 646 montem
1274 579 1335 647 Oa

211 665 316 729 laum⁴
332 671 553 744 stemerentur,
567 661 710 727 nonnulli
723 663 811 761 capti
824 672 1020 744 tenetentum
1042 661 1166 749 reliqua
1178 686 1261 729 vero
1277 668 1335 730 mi·

212 769 328 812 norum
349 768 463 810 manus
476 745 507 809 la
531 766 567 810 sa
580 745 728 892 profugio
742 754 797 822 s1t3
818 746 994 810 Warncrus
1008 768 1096 827 vero,
1110 769 1195 832 equo
1212 749 1332 831 occiso,
1371 764 1373 803 :

235 852 277 895 uo
308 840 420 895 vectus
452 829 517 893 fere
540 839 622 910 atur,
656 831 671 890 l
704 840 716 874 ³
744 827 929 893 vulneribus
958 830 1130 915 perfossus,
1161 833 1331 898 interierit

214 854 276 980 bis
297 936 357 977 rex
377 921 492 994 motus,
515 912 600 976 diem
614 909 746 975 alteram
767 913 801 974 in
815 911 961 998 partibus
975 911 1215 978 deliberationis
1230 926 1329 981 totam

214 997 418 1096 consumpsit
462 994 506 1060 Et
532 995 584 1059 die
613 995 707 1059 tertia
733 993 837 1060 edicto
863 997 952 1141 rqgio
978 997 1096 1061 tirones
1123 1019 1166 1060 ex
1189 999 1330 1064 citeriori

214 1080 318 1147 Gallia
353 1090 436 1144 mtra
471 1079 539 1143 dies
578 1078 617 1142 15
647 1077 783 1162 collegit.
840 1078 887 1143 Oo
911 1088 1060 1165 actosque
1096 1102 1171 1144 eum
1207 1081 1330 1170 aliquot

212 1163 414 1251 magnatibus
436 1184 532 1247 super
553 1161 687 1226 fluvium
704 1161 885 1248 Sequanam
906 1163 1098 1227 adversariis
1119 1162 1255 1230 inducit
1287 1165 1329 1232 At

211 1251 367 1335 pyratae*
388 1247 525 1310 renisuri
554 1245 773 1326 obvenientes,
798 1267 818 1308 a
840 1243 941 1309 Gallis
962 1247 996 1309 in
1018 1268 1076 1310 sua
1097 1257 1204 1312 castra
1225 1251 1328 1316 redire

213 1333 316 1396 coacti
331 1341 413 1395 sunt.
450 1327 536 1394 Galli
549 1329 707 1413 fugientes
720 1329 867 1411 insecuti,
883 1331 1015 1393 castrisl
1029 1331 1136 1414 ignem
1151 1333 1327 1415 inmittunt,

211 1415 436 1500 congressique
457 1411 656 1476 001]οι00011ο
679 1412 854 1491 conamine,
879 1414 982 1477 victos
1010 1422 1163 1479 sternunt.
1208 1416 1255 1480 At
1275 1417 1327 1481 alii

210 1499 288 1583 fuga
314 1497 471 1584 pedestri,
504 1494 558 1558 alii
587 1495 736 1581 profugio
757 1495 863 1560 navali
889 1495 1009 1581 elapsi<l
1030 1499 1140 1580 suntl,
1173 1498 1229 1562 alii
1256 1523 1326 1565 cum

212 1583 322 1646 castris
352 1579 505 1660 succensi,
536 1577 590 1641 alii
615 1578 699 1642 ferro
727 1579 787 1642 ad⁰
813 1580 897 1643 3000
923 1580 1079 1645 interfecti
1107 1593 1192 1646 sunt.
1239 1584 1325 1664 Quos

211 1686 287 1728 vere
301 1666 379 1747 fuga
394 1684 435 1726 ex
478 1661 578 1742 itavit,
600 1671 673 1748 post
687 1661 820 1744 collecti,
842 1661 981 1749 quodam
996 1664 1075 1728 suo‘l
1097 1667 1221 1751 oppido
1237 1689 1325 1732 secus

211 1769 299 1810 mare
321 1747 382 1809 sito
405 1766 441 1809 co
465 1745 526 1808 ecti
547 1753 629 1810 sunt.
673 1744 734 1811 Cui
755 1747 850 1809 etiam
871 1746 986 1831 Augae
1006 1769 1124 1811 nomen
1145 1759 1248 1814 erata

328 1866 379 1930 50.
411 1863 552 1929 Rollonis
572 1875 705 1950 pyratae
726 1866 870 1930 interitus
891 1887 1082 1954 suorumque
1102 1869 1206 1933 ruina.

296 1969 441 2047 Quorum
469 1967 618 2052 princeps
646 1965 737 2030 Rollo
771 1966 1001 2032 sufficientibus
1033 1973 1135 2055 copiis
1169 1973 1325 2058 oppidum

211 2049 358 2135 implens,
384 2048 468 2114 bello
490 2071 559 2114 sese
580 2049 746 2114 manifeste
771 2053 906 2135 paravit.
948 2052 1019 2116 Rex
1047 2053 1121 2118 inde
1151 2055 1324 2140 digressus,

212 2135 388 2198 exercitum
409 2134 597 2219 provocanti
617 2134 722 2216 infert,
750 2135 902 2219 congredi
927 2157 992 2199 non
1020 2136 1179 2202 differens.
1225 2140 1324 2239 Oppi·

212 2218 288 2283 dum
310 2227 559 2304 aggressusest.
602 2217 646 2282 Et
667 2217 832 2283 obsidione
855 2219 1017 2304 disposita,
1038 2220 1156 2284 vallum
1175 2245 1241 2308 quo
1265 2245 1325 2287 em·

233 2303 346 2367 ebatur
372 2301 529 2386 irrumpit.
572 2301 679 2387 Atque
702 2302 1151 2388 01000000010000011001·τ
1174 2327 1324 2371 conscen-

211 2325 331 2468 dentes,
365 2385 565 2449 adversarios
587 2385 775 2471 pervadunt.
820 2383 1012 2473 Oppidoque
1045 2389 1189 2474 potiti**,
1223 2412 1326 2455 mares

212 2491 322 2533 omues
336 2467 506 2533 trucidant
537 2469 680 2531 Feminis
695 2469 822 2533 intactis
833 2481 981 2568 parcunt.
1015 2472 1181 2557 Oppidum
1196 2473 1327 2538 diruunt

211 2562 306 2637 atque
339 2551 540 2616 comburunt.
584 2552 684 2615 Cuius
715 2551 870 2616 incendus
900 2575 974 2618 aere
1006 2555 1136 2619 densato
1168 2577 1208 2620 ae
1239 2557 1325 2623 deni·

92 2649 150 2695 ⁸101.
168 2655 202 2695 rs.
270 2644 313 2714 to,
336 2634 371 2695 in
384 2642 466 2696 tetra
481 2631 616 2716 caligine
637 2633 780 2698 nonnulli
794 2636 972 2720 evadentes,
993 2638 1185 2702 finitimam&
1208 2646 1324 2726 *quan-

210 2656 288 2781 1110
314 2724 473 2800 occupant
500 2714 646 2780 insulam.
690 2717 778 2796 Quos
807 2720 874 2783 sine
903 2720 1052 2786 dilatione
1081 2725 1245 2788 exereitus
1272 2748 1324 2810 ag-

212 2821 341 2884 gressus
368 2800 552 2883 appetitae
579 2798 685 2864 navali
715 2822 825 2886 pugna
855 2804 958 2868 victos
989 2806 1151 2891 opprimit.
1199 2807 1324 2871 Piratae

212 2883 297 2945 vitae
320 2903 410 2966 spem
431 2882 625 2964 amittentes,
654 2882 709 2948 alii
731 2906 800 2947 0000
820 2883 970 2952 fluctibus
991 2890 1173 2974 inmergant
1193 2911 1233 2953 ae
1254 2913 1323 2955 ene-

214 2973 335 3042 cantur,
369 2962 423 3027 alii
452 2975 614 3030 enatantes
641 2966 683 3031 ab
711 2967 967 3035 observatoribus
995 2971 1129 3057 iugulati
1156 2983 1240 3054 sunt,
1272 2973 1323 3038 alii

212 3048 313 3112 nimia
338 3047 506 3112 formidine
534 3053 610 3113 tacti
639 3049 708 3114 telis
735 3053 873 3150 propriis
900 3077 968 3119 sese
1000 3065 1164 3141 appetunt.
1208 3057 1253 3121 Et
1279 3059 1322 3121 sie

214 3131 361 3197 omnibus
388 3131 547 3281 ademptis
576 3133 738 3232 predaque
766 3135 892 3222 duepte
917 3160 981 3204 non
1006 3139 1142 3222 modica,
1171 3161 1232 3204 rex
1252 3139 1321 3205 Bel·

213 3237 328 3280 vaoum
348 3215 444 3280 rediit
464 3216 476 3278 i
499 3216 575 3302 ique
595 3217 722 3281 resedit.

473 3334 523 3400 51.
555 3335 637 3400 Item
659 3339 864 3421 pyratarumh
885 3340 1061 3405 interitush.

152 3466 202 3508 m,
294 3436 374 3500 Inde
388 3436 781 3503 auditoinnabatensium
791 3440 1106 3528 regionemapiratis
1117 3442 1188 3507 aliis
1199 3444 1321 3524 vexari,

210 3529 375 3605 assumpto
397 3521 541 3585 exercitu
561 3519 603 3584 ab
618 3519 667 3584 his
683 3522 738 3606 qui
751 3519 823 3584 loca
837 3525 996 3588 maritima
1008 3525 1199 3609 incolebant,
1213 3549 1322 3614 repen-

210 3604 297 3666 tinus
311 3604 346 3666 in
360 3623 414 3665 000
427 3602 536 3666 fertur.
571 3604 699 3668 Piratae
722 3605 898 3669 comminus
920 3609 1071 3694 congredi
1091 3632 1155 3674 non
1176 3611 1322 3691 ferentes,

285 3743 309 3809 ⁸)
327 3745 483 3794 Nortmauni
502 3746 528 3796 1.
601 3744 638 3812 **)
657 3747 1197 3820 11011000100001100110001000831110011
1218 3755 1283 3808 add.
1298 3756 1322 3805 1.

271 3849 294 3902 a)
303 3862 340 3901 ap.
350 3851 413 3893 100.
429 3853 528 3902 innare.
573 3853 676 3904 0)0.1.1,
689 3856 788 3907 innam.
834 3858 856 3910 c)
871 3859 991 3908 victosque
1007 3872 1028 3902 v.
1038 3872 1058 3900 e.
1067 3865 1095 3902 st.
1106 3863 1125 3900 1.
1171 3860 1195 3913 d)
1208 3864 1321 3912 postndd.

212 3907 235 3960 0)
251 3911 267 3951 1,
280 3921 299 3949 s.
316 3910 345 3949 sd
361 3910 419 3950 0000
436 3912 456 3952 1.
517 3910 590 3962 omn
605 3913 696 3952 emam
710 3920 812 3964 coeptans.
874 3915 1177 3969 s)voxrepetitnrsol.13.
1239 3920 1321 3974 10110,

211 3969 260 4008 tute
276 3968 332 4012 abac.
392 3966 410 4018 1)
427 3969 488 4018 quod
503 3970 543 4012 del.

286 4049 314 4118 1)
333 4052 506 4118 Lingonensi.
581 4053 609 4121 2)
625 4057 760 4110 Trecensi.
835 4059 864 4125 3)
880 4060 945 4125 plus
960 4077 1039 4126 qnam
1052 4061 1211 4128 octingentos
1232 4064 1321 4127 Flos,

212 4141 291 4190 quem
310 4130 400 4176 noster
418 4128 543 4191 sequitur.
618 4126 787 4194 41010000.
862 4129 891 4198 5)
911 4133 966 4183 dee.
985 4133 1040 4184 val.
1054 4135 1126 4200 perf.
1145 4137 1277 4188 Richerus
1297 4143 1323 4188 st

212 4196 266 4247 alia
281 4198 310 4246 10
322 4199 493 4263 sequentibus
512 4200 596 4252 addit.
672 4200 702 4269 0)
721 4204 771 4254 Eu.
847 4202 875 4271 1)
888 4221 1045 4271 merumque
1057 4205 1230 4274 infringentes
1244 4208 1322 4261 Flod.

212 4268 242 4336 8)
260 4270 368 4321 Rioberi
387 4270 549 4337 figmentum.
