2820 4824
210 354 264 404 104
467 347 621 400 RIOHERI
640 343 892 398 HISTORIARUM
911 342 1022 394 LIBER
1041 343 1095 400 ΙΙΙ.

210 520 312 584 aereis
326 515 388 580 filis
412 517 574 602 signorum
595 513 714 598 figuras
736 513 949 600 complicavit.
985 512 1133 600 Axieque
1155 510 1229 577 loco
1243 513 1319 578 fistu-

211 602 274 666 lam
297 600 430 680 traiccit,
450 622 512 699 per
534 620 630 684 quam
651 596 744 683 polus
766 597 911 662 caelestis
938 605 1112 680 notaretur,
1142 605 1237 661 uteo
1259 619 1319 683 per-

214 695 323 784 specto
353 683 502 747 machma
538 680 625 746 caelo
654 702 674 743 a
698 690 827 745 taretur.
878 679 971 746 Unde
1002 689 1034 746 et
1060 679 1266 762 factumest,
1291 689 1319 745 ut

214 767 413 855 erngulorum
445 768 471 831 si
496 787 608 829 norum
638 775 684 830 ste
708 786 745 828 ae
786 764 919 849 singulis
951 764 1046 827 huius
1083 786 1198 849 sperae
1231 763 1317 848 signis

215 851 446 918 clauderentur.
473 789 562 913 lllud
585 870 712 934 quoque
734 849 769 911 in
789 846 849 912 hac
871 849 1013 912 divinum
1035 847 1106 928 fuit,
1133 844 1234 932 quod,
1256 868 1316 911 oum

213 935 328 1022 aliquis
356 945 457 1000 artem
483 935 655 1018 ignoraret,
685 932 712 995 si
741 954 841 996 unum
868 934 898 996 ei
927 932 1054 1016 signum
1075 931 1316 996 demonstratum

211 1019 303 1101 foret,
325 1019 448 1105 absque
469 1018 621 1102 magistro
644 1025 749 1080 cetera
770 1039 828 1101 per
849 1038 974 1101 speram
997 1023 1218 1100 cognosceret.
1250 1013 1316 1079 Inde

214 1105 309 1170 etiam
342 1125 416 1167 suos
451 1099 625 1165 liberaliter
656 1101 816 1165 instruxit.
873 1098 981 1185 Atque
1011 1099 1092 1163 hacc
1124 1107 1258 1163 actenus
1286 1098 1316 1162 de

212 1187 413 1253 astronomia

561 1304 612 1366 54.
646 1301 832 1368 Confectio⁸
853 1303 976 1369 abacia

295 1407 335 1471 In
356 1407 531 1492 geometria
551 1406 651 1470 vero*
672 1427 736 1469 non
758 1405 863 1469 minor
883 1407 917 1469 in
938 1403 1084 1470 docendo
1105 1399 1200 1467 labor
1214 1425 1315 1488 expen-

215 1512 269 1554 sus
292 1501 348 1556 cst.
393 1489 492 1554 Cuius
514 1488 742 1553 introductioni
763 1488 910 1569 abacum,
932 1488 966 1552 id
987 1497 1036 1552 est
1049 1485 1196 1551 tabulam
1211 1486 1315 1550 dimen-

214 1572 357 1638 sionibus
387 1594 406 1635 a
430 1582 505 1655 tam,
535 1594 631 1657 opere
660 1573 791 1637 scutarii
818 1573 952 1637 effecit1.
1007 1570 1109 1636 Cuius
1138 1569 1316 1656 longitudini

213 1658 248 1720 in
269 1657 308 1720 27
331 1594 475 1741 partibus
498 1655 646 1719 diductae
673 1677 788 1721 novem
809 1677 942 1720 numero
964 1664 1056 1719 notas
1077 1675 1208 1719 omnem
1222 1675 1316 1717 nume

213 1762 285 1803 rum
307 1738 522 1824 significantes
538 1738 704 1824 disposuit.
746 1737 799 1802 Ad
818 1761 951 1825 quarum
974 1739 1069 1803 etiam
1089 1736 1318 1802 similitudinem

214 1821 300 1886 mille
334 1843 466 1886 corneos
499 1823 604 1887 effecit
636 1831 821 1904 caracteres,
854 1825 909 1922 qui
941 1844 999 1909 per
1031 1824 1070 1884 27
1098 1820 1192 1885 abaci
1224 1828 1317 1907 partes

214 1907 360 1984 mutuati,
373 1907 527 1991 cuiusque
539 1907 662 1970 numeri
677 1905 971 1992 multiplicationem
987 1906 1055 1970 sive
1070 1905 1264 1969 divisionem
1277 1904 1318 1968 de·

215 1990 242 2053 si
287 1997 488 2072 arent3tanto
497 1989 685 2076 compendio
693 2012 899 2055 numerorum
907 1988 1144 2054 multitudinem
1154 1987 1319 2053 dividentes

214 2095 255 2138 ve
288 2071 544 2159 multiplicantes,
565 2083 601 2138 ut
621 2095 678 2158 pre
700 2075 799 2137 nimia
819 2075 1046 2138 numerositate
1067 2073 1179 2158 potius
1197 2070 1318 2155 intelligi

237 2179 311 2221 uam
341 2157 447 2222 verbis
474 2157 616 2222 valerent
644 2156 778 2222 ostendi.
829 2157 975 2238 Quorum
1004 2156 1172 2221 scientiam
1226 2156 1260 2219 ui
1284 2151 1318 2217 ad

216 2179 343 2305 qlenum
372 2241 454 2305 scire
483 2241 652 2323 desiderat,
678 2240 763 2325 legat
784 2242 852 2305 eius
880 2240 1007 2322 librum,
1038 2261 1134 2325 quem
1157 2177 1268 2304 scibit
1285 2235 1319 2301 ad

212 2263 480 2391 bonstanfinumb
501 2326 746 2412 grammaticum
757 2336 778 2389 ².
826 2325 878 2389 Ibi
899 2326 985 2390 enim
1006 2324 1085 2388 haec
1108 2324 1187 2388 satis
1210 2323 1319 2388 habun-

213 2409 388 2494 danterque
409 2417 543 2473 tractata
563 2409 712 2473 inveniet.

94 2524 135 2580 Ῥ·
152 2530 203 2570 ⁶¹⁹·
283 2528 354 2594 *bb
386 2518 512 2591 Famac
536 2526 684 2593 Gerberti
706 2551 765 2613 per
787 2526 909 2592 Galliae
932 2535 963 2591 et
983 2525 1110 2591 Italiam
1133 2525 1260 2590 diffusa.

95 2582 202 2630 ‘aree
318 2629 478 2693 Fervebat
527 2628 659 2712 studiis,
726 2650 941 2714 numerusque
1006 2627 1240 2726 discipulorum
1292 2626 1319 2688 in

214 2710 282 2774 dies
311 2710 525 2775 accrescebat.
581 2713 706 2776 Nomen
738 2714 833 2777 etiam
865 2713 946 2777 tanti
974 2711 1114 2776 doctorrs
1146 2709 1318 2776 ferebaturl

213 2815 279 2857 non
301 2793 403 2857 solum
430 2816 488 2878 per
516 2792 646 2877 Gallias,
674 2795 730 2859 sed
761 2797 857 2860 etiam
883 2817 941 2880 per
971 2795 1164 2861 Germaniae
1219 2793 1319 2880 opulos

214 2875 415 2943 dilatabatur.
453 2876 655 2964 Transiitque
674 2901 734 2975 per
754 2878 854 2965 Alpes
876 2901 914 2942 ac
936 2878 1125 2944 diffunditur
1146 2819 1318 2944 inPItaliam

212 2982 314 3046 usque
336 2958 528 3024 Thirrenum
550 2971 582 3026 et
602 2961 812 3026 Admaticum.
865 2962 937 3043 Quo
964 2973 1108 3048 tempore
1137 2960 1267 3026 Otricus
1291 2961 1319 3023 in

214 3043 355 3108 Saxonia
382 3043 517 3128 insignis
547 3045 754 3110 habebatur³.
804 3045 869 3110 Hic
899 3069 973 3110 cum
1022 3045 1183 3131 hilosophi
1210 3046 1319 3110 famam

212 3126 354 3192 audisset
390 3126 645 3216 adverteretque,
683 3129 769 3217 quod
800 3131 834 3192 in
874 3132 960 3194 omni
999 3069 1217 3215 disputatione
1261 3135 1321 3193 rats

211 3233 318 3278 rerum
341 3211 497 3276 divisione
512 3221 662 3296 uteretur,
684 3211 801 3297 agebat
815 3215 903 3298 apud
918 3236 1001 3293 suos,
1023 3223 1059 3277 ut
1080 3211 1209 3298 aliquae
1223 3231 1320 3278 rerum

211 3296 386 3360 divisarum
415 3295 537 3380 figurae
569 3297 610 3362 ab
645 3296 740 3361 scolis
767 3295 950 3383 philosophi
972 3297 1035 3361 sibi
1056 3296 1266 3380 deferrentur,
1295 3301 1322 3358 et

211 3381 351 3446 maxime
379 3379 610 3467 philosophiae,
640 3403 677 3446 eo
709 3380 796 3465 quod
821 3381 856 3442 in
883 3391 953 3445 rate
980 3381 1047 3445 eius
1076 3380 1237 3446 divisione
1257 3399 1320 3467 per·

283 3580 307 3648 *)
328 3582 403 3632 cuiue
413 3581 480 3632 nihil
489 3586 551 3632 ente
563 3582 669 3634 Galliae
682 3583 810 3647 scriptum
820 3581 965 3645 habebant,
976 3584 1091 3646 quantus
1104 3579 1182 3633 labor
1195 3592 1322 3648 expensos

329 3655 371 3715 sit,
391 3671 477 3706 sermo
496 3657 583 3722 impar
602 3655 693 3706 dicere
712 3670 766 3705 non
785 3653 883 3706 sufficit
904 3655 928 3706 1.

269 3813 292 3866 a)
317 3814 403 3868 Conse,
423 3816 445 3855 ct
464 3817 520 3856 abac.
595 3815 619 3868 b)
643 3816 667 3858 G.
691 3828 710 3858 c.
793 3815 814 3868 c)
837 3829 892 3867 quoe
911 3822 1033 3867 sequuntur
1048 3817 1072 3856 in
1087 3816 1148 3866 sotto
1173 3822 1227 3867 post
1247 3817 1322 3867 adjecto

209 3873 291 3922 scripta
311 3879 370 3914 eant.
445 3875 467 3924 d)
484 3875 556 3915 fertur
573 3898 598 3906 -
614 3876 733 3916 ductetur.
764 3876 903 3926 Transitque
920 3878 940 3916 1.

285 4009 314 4076 1)
335 4009 376 4061 cf.
397 4010 516 4072 Chasles,
536 4012 714 4079 ‘Explication
734 4013 782 4065 des
800 4013 893 4067 traites
912 4014 946 4065 de
958 4013 1087 4077 l‘abacns,
1103 4021 1130 4066 et
1143 4011 1323 4080 perticulibre·

209 4088 283 4133 ment
303 4082 338 4133 dn
356 4081 434 4133 truite
455 4083 488 4134 de
502 4085 622 4136 Gerbert'
642 4084 730 4153 (Paris
751 4086 830 4138 1843.
850 4086 889 4154 4).
946 4085 975 4153 2)
994 4088 1037 4138 De
1058 4087 1191 4139 divisione
1205 4101 1322 4140 numero·

210 4171 283 4219 rum;
303 4172 328 4207 v.
343 4154 441 4206 Olleris
460 4174 487 4224 p.
501 4157 553 4206 349
567 4174 626 4224 sqq.
682 4156 713 4226 8)
732 4161 775 4210 De
796 4177 847 4226 quo
869 4161 902 4211 cf.
914 4161 1028 4212 Thietm.
1048 4160 1101 4221 ΙΙΙ,
1121 4159 1148 4211 8.
1169 4163 1218 4226 v1,
1238 4162 1280 4213 26.
1299 4164 1323 4211 et

209 4228 243 4279 V.
254 4228 404 4370 ⁶rqqqtlberti
430 4243 454 4280 a.
475 4229 594 4282 Iohanne
615 4232 673 4283 c.3
700 4232 763 4301 (SS.
782 4233 830 4297 lv,
850 4251 876 4301 p.
898 4233 973 4301 582),
1002 4247 1027 4285 a.
1046 4233 1176 4287 Brunoue
1197 4252 1222 4288 c.
1242 4235 1259 4286 b
1277 4233 1323 4301 (ib.

209 4317 236 4368 p.
322 4339 328 4353 .
