2820 4824
270 371 424 424 alenam
445 371 697 425 maronianum
715 372 828 424 LIBER
847 372 916 425 1111.
1103 375 1158 423 17³1

120 539 222 623 (106)
265 539 371 618 Quam
391 537 576 636 perlectam
608 535 714 623 legato
695 559 873 687 cappae
876 560 954 604 mox
984 537 1214 637 legendamese.

66 625 189 689 arrexit.
167 623 325 686 6Τ666
347 621 491 706 episcopi
513 641 622 686 omnes
640 643 718 688 666
775 621 919 687 odefrido
941 623 1071 705 comae,
1097 647 1155 710 qur
1146 615 1261 667 31163

155 797 188 847 116
208 797 254 861 qui
273 795 387 846 oderunt
405 811 447 846 me
473 796 592 846 amicitia
617 797 752 860 iungeris,
778 801 805 846 et
828 796 965 846 idcirco
956 812 1023 847 666
1046 797 1155 862 quidem

154 870 264 919 Domini
277 866 448 919 merebaris''.
480 867 587 918 Deinde
600 869 782 919 sanctionibus
806 869 998 920 ecelesiasticis
1013 869 1155 937 perlonga

74 1006 78 1013 Ι
154 948 302 1007 temporum
317 943 404 1008 spatia
417 943 534 1007 peractis
546 940 662 1006 legeque
675 941 872 1007 perhemptoria
888 949 1079 1006 consummata,
1094 959 1154 994 cum

155 1014 222 1064 nibil
242 1014 316 1065 aliud
335 1019 456 1074 restaret,
479 1015 531 1064 nisi
549 1018 580 1064 ut
600 1013 742 1066 iudiciaria
760 1015 889 1082 principis
907 1021 1040 1081 potestate
1061 1017 1153 1067 coher-

156 1093 261 1138 ceretur
281 1094 307 1137 et
326 1093 463 1152 tamquam
482 1086 626 1137 seditiosus
647 1103 678 1136 ac
698 1086 808 1138 rebellis
827 1103 844 1136 a
862 1087 1005 1154 principali
1025 1089 1154 1140 cathedra

153 1166 347 1222 removeretur,
373 1161 435 1226 lege
460 1159 580 1210 Africani
601 1160 723 1223 concilii,
749 1161 843 1211 iterum
864 1161 1022 1212 afratribus
1041 1162 1107 1212 meis
1127 1168 1155 1213 et

153 1235 229 1298 regni
248 1233 404 1300 primatibus
425 1237 571 1283 conventus
589 1237 615 1282 66
635 1235 809 1284 6666661666
828 1250 894 1301 sum,
914 1239 951 1296 66,
967 1234 1074 1285 excluso
1088 1250 1153 1300 apo·

153 1312 232 1370 stata,
248 1322 343 1356 curam
363 1307 469 1356 discissi
488 1311 515 1356 et
532 1304 657 1356 dilaniati
676 1307 838 1373 susciperem
858 1307 958 1373 populi.
997 1307 1074 1370 Quod
1094 1309 1153 1373 qui·

155 1379 214 1429 dem
236 1385 263 1429 et
283 1379 329 1429 diu
348 1378 439 1430 distuli
459 1383 486 1428 et
503 1385 598 1445 postea
613 1395 666 1429 666
688 1381 753 1430 66616
767 1381 1007 1446 sponteacquievi,
1027 1382 1152 1446 quoniam

153 1468 222 1517 quae
241 1457 432 1502 tormentomm
450 1467 550 1516 genera
569 1467 612 1502 me
632 1454 828 1516 comitarentur,
848 1453 1007 1508 omnimodis
1022 1453 1152 1504 intellexi.

153 1526 230 1574 Haec
250 1531 290 1576 est
308 1526 410 1575 viarum
430 1540 548 1575 mearum
567 1525 740 1591 simplicitas,
766 1526 835 1576 haee
854 1527 1024 1578 innocentiae
1043 1528 1153 1593 puritas,

154 1603 180 1647 et
199 1614 287 1648 coram
307 1599 423 1648 Domino
444 1603 471 1648 et
489 1598 565 1648 vobis
585 1599 770 1649 sacerdotibus
789 1599 817 1648 in
841 1599 883 1650 his
906 1601 1029 1652 omnibus
1053 1599 1153 1650 munda

152 1671 333 1722 couscientia’.

465 1759 554 1827 (103.)
590 1762 719 1813 Particio.

153 1852 217 1902 ‘Sed
234 1867 308 1911 ecce,
329 1867 361 1900 ex
374 1851 487 1903 adverso
507 1853 623 1903 occurrit
643 1853 850 1920 calumpniator3
869 1869 965 1904 vocum
980 1855 1153 1918 novitatibus,

117 1975 124 1988 ,
152 1931 182 1974 66
200 1927 284 1975 maior
303 1924 351 1975 fiat
371 1924 491 1988 invidia,
517 1925 676 1976 delectatus·
692 1923 859 1991 obloquitur:
889 1927 1051 1978 “Dominum
1077 1934 1152 1979 tuum

150 1997 299 2057 tradidisti,
329 2000 430 2048 carceri
458 1999 631 2064 mancipasti,
660 2001 804 2064 sponsaml
825 2000 883 2050 eins
902 2001 1028 2065 rapuisti,
1059 2001 1152 2051 sedem

151 2071 325 2137 pervasistil’'

216 2159 305 2228 (104.)
345 2159 516 2211 Confirmatio
537 2167 564 2211 et
582 2160 759 2226 reprehensio
773 2163 923 2212 alternatim
944 2162 1073 2228 digestae.

153 2253 239 2302 ‘Itane
259 2268 309 2316 ego
330 2251 479 2317 dominum,
506 2253 580 2302 cuius
599 2267 743 2316 numquam
761 2267 853 2303 servus
872 2253 982 2316 fuerim,
1008 2255 1051 2304 cni
1070 2256 1152 2304 etiam

151 2324 253 2374 nullum
279 2326 440 2375 sacramenti
466 2341 551 2388 genus
576 2340 702 2390 umquam
727 2326 907 2390 prestiterim?
939 2327 998 2376 Etsi
1023 2329 1093 2377 enim
1115 2327 1150 2376 ad

152 2405 256 2465 tempus
269 2398 412 2448 famulatus
426 2414 493 2458 sum,
507 2399 636 2448 fecithoc
648 2399 787 2463 imperium
801 2399 886 2465 patris
899 2400 952 2449 mei
964 2399 1151 2463 Adalberonis,

154 2473 200 2537 qui
226 2487 267 2520 me
292 2472 321 2519 in
340 2471 466 2520 Remensi
491 2470 608 2521 ecclesia
631 2473 788 2522 commorari
813 2473 949 2539 precepit,
976 2473 1150 2539 quoadusque

153 2543 287 2610 pontificis
306 2545 334 2592 in
354 2559 386 2593 66
405 2546 503 2594 sacrati
521 2560 608 2594 mores
628 2550 756 2610 actusque
777 2544 953 2595 dinoscerem.
992 2545 1069 2608 Quod
1087 2547 1150 2596 dum

154 2619 266 2684 operior,
292 2616 405 2667 hostium
431 2617 515 2682 preda
540 2617 627 2668 factus
646 2633 713 2682 snm,
733 2623 760 2668 et
779 2634 848 2683 quae
867 2624 957 2668 vestra
970 2617 1151 2669 munificentia

153 2705 363 2755 magnorumque
393 2689 490 2740 ducum
520 2691 630 2756 largitas
669 2689 742 2740 clara
770 2696 797 2740 et
832 2692 962 2757 precipua
993 2691 1150 2755 contulerat,

153 2763 272 2814 violenta
290 2761 437 2828 predonum
462 2779 556 2814 manns
582 2763 691 2814 abstulit
718 2779 814 2829 meque
837 2780 906 2830 pene
932 2764 1031 2816 nudum
1051 2764 1150 2829 gladiis

153 2837 208 2887 suis
229 2842 349 2902 ereptum
370 2835 463 2886 doluit.
506 2838 631 2902 Denique
650 2843 791 2904 postquam
809 2836 884 2887 illum
904 2843 1052 2903 apostatam
1074 2837 1150 2889 dere-

153 2910 236 2974 liqui,
260 2910 318 2959 vias
344 2914 371 2958 et
388 2910 485 2959 itinera
508 2911 563 2960 eius
582 2927 636 2960 non
655 2911 795 2960 observavi
814 2926 864 2960 nec
884 2910 1004 2976 quolibet
1022 2913 1102 2962 modo
1125 2913 1151 2962 ei

154 2983 357 3033 communicavi.
389 2981 528 3044 Quomodo
543 2998 605 3048 ergo
620 2999 680 3033 eum
693 2982 800 3047 tradidi,
818 2985 872 3049 qui,
888 2984 934 3033 ubi
947 2989 1010 3034 tunc
1023 2986 1150 3050 temporis

151 3056 245 3118 fuerit,
270 3055 392 3105 nescivi?
425 3055 479 3105 Sed
499 3071 586 3120 neque
607 3071 666 3104 eum
687 3057 789 3105 carceri
815 3057 982 3122 mancipavi,
1009 3058 1054 3122 qui
1079 3073 1151 3107 nunc

153 3144 237 3194 nuper
262 3128 310 3178 sub
335 3129 471 3193 presentia
493 3126 613 3177 fidelium
636 3129 744 3178 testium
769 3129 901 3178 seniorem
921 3144 1008 3178 meum
1029 3131 1151 3192 conveni,

153 3207 183 3252 66
210 3206 318 3267 propter
342 3217 384 3250 me
409 3216 461 3250 nec
486 3202 522 3251 ad
547 3205 729 3266 66666666ει
751 3198 807 3250 6116
832 3198 994 3250 detineretur
1020 3201 1150 3251 custodia.

155 3275 184 3325 Si
204 3275 274 3324 enim
300 3274 445 3325 auctoritas
470 3278 561 3324 vestra
584 3289 632 3340 pro
656 3288 699 3322 me
724 3277 822 3333 staret,
848 3273 876 3322 in
901 3276 1004 3322 tantum
1023 3273 1149 3325 Amulius

153 3346 305 3409 vilesceret,
324 3352 353 3397 nt
372 3347 437 3396 mibi
455 3348 593 3396 minimum
612 3345 715 3396 valeret
733 3346 836 3396 obesse.
876 3344 953 3407 Quod
973 3347 996 3396 si
1016 3347 1150 3396 contraria

152 3421 233 3482 mibi,
259 3421 331 3485 quod
350 3419 435 3480 absit,
454 3421 587 3470 sententia
605 3424 695 3469 vestra
715 3419 887 3478 decerneret,
907 3417 972 3483 qnid
990 3433 1051 3469 mea
1068 3420 1149 3468 inter-

155 3499 234 3560 esset,
248 3500 335 3543 66666
347 3491 472 3544 Amulius
486 3508 520 3544 an
534 3492 602 3543 alius
611 3493 755 3543 Remorum
770 3492 974 3542 constitueretur
989 3491 1151 3557 episcopus?

153 3567 212 3618 Iam
232 3567 265 3616 de
285 3581 384 3631 sponsa
402 3571 479 3631 rapta
498 3567 616 3631 sedeque
635 3580 749 3631 pervasa
768 3563 840 3630 quod
860 3563 964 3626 dicitur,
976 3563 1150 3615 ridiculosum

155 3645 205 3690 est.
243 3640 312 3688 Dico
333 3640 403 3688 enirn
422 3639 543 3704 primum,
562 3654 705 3704 numquam
725 3637 797 3688 111166
815 3638 896 3688 fuisse
915 3652 1047 3704 sponsam,
1070 3653 1151 3702 quam

153 3728 201 3778 pro
219 3711 342 3775 legitima
361 3711 504 3762 donatione
526 3711 671 3777 spiritualis
698 3711 768 3762 dotis
794 3709 899 3761 collatis
925 3716 986 3760 ante
1011 3709 1150 3760 beneficiis

154 3785 313 3851 expoliavit,
338 3784 468 3850 proscidit
492 3800 525 3834 ac
551 3783 699 3834 dilaniavit.
741 3783 864 3834 Necdum
889 3782 1052 3833 sacerdotali
1070 3782 1150 3834 anulo

153 3859 295 3922 insignitus
312 3862 382 3919 erat,
403 3863 429 3907 et
446 3859 500 3907 iam
520 3859 617 3925 omnia,
639 3872 708 3922 quae
728 3856 915 3907 denominatae
935 3871 1048 3922 sponsae
1067 3856 1151 3908 fuisse

153 3930 322 3992 videbantur,
342 3928 472 3981 satellites
490 3931 613 3995 symonis
632 3935 809 3981 vastaverant.
847 3930 916 3979 Dico
937 3931 1026 3992 etiam,
1044 3930 1067 3980 si
1088 3945 1151 3979 con·

155 4005 296 4055 cederetur
314 4003 434 4069 quolibet
453 4003 532 4053 modo
551 4003 623 4053 illius
643 4018 742 4068 sponsa
759 4003 850 4065 inisse,
872 4003 965 4068 utique
985 4017 1043 4055 esse
1062 4002 1151 4065 desiit,

155 4081 297 4143 postquam
324 4091 382 4126 eam
409 4075 538 4142 pollutam
558 4081 585 4126 et
603 4075 730 4126 violatam
759 4081 800 4138 66,
824 4080 854 4126 66
878 4075 917 4125 ita
941 4074 1043 4140 dicam,
1071 4074 1150 4126 adul·

154 4155 269 4201 teratam
288 4150 343 4200 suis
362 4148 525 4214 predonibus
543 4150 693 4215 prostravit.
730 4149 800 4198 Num
818 4149 900 4212 igitur
919 4163 986 4210 eam,
1006 4153 1052 4198 aut
1071 4162 1149 4213 quam

154 4238 208 4273 non
226 4223 326 4284 habuit,
347 4227 393 4272 aut
412 4238 491 4287 quam
504 4237 552 4272 suo
565 4221 668 4272 scelere
681 4220 806 4286 perdidit,
825 4220 897 4272 illius
910 4235 1035 4286 sponsam
1054 4221 1149 4285 rapui?

93 4347 117 4401 a)
134 4350 163 4390 ad
179 4351 292 4390 monitum
308 4349 339 4388 at.
796 4344 823 4412 1)
842 4348 860 4397 i.
881 4362 904 4397 e.
923 4344 1075 4397 ecclesiam.

876 4429 914 4492 12
