2828 4814
336 326 490 380 menam
507 329 764 383 HISTORIARUM
783 331 894 383 LIBER
913 332 980 383 1111.
1170 334 1220 382 167

72 478 90 538 l·
150 489 324 556 contendebat.
367 490 574 580 Colleotoque
602 496 755 571 exercitu,
785 499 818 561 in
847 498 1058 563 Brittanniam
1086 520 1219 583 preceps
1227 516 1278 559 sor.

55 588 89 669 ἱ35
144 569 215 636 lertru
231 574 440 663 Namtasque¹
462 580 597 664 appetit.
641 579 742 644 Cuius
766 582 913 646 custodes
941 583 1019 645 alios
1048 605 1126 645 auro
1152 604 1219 645 cor·

54 668 77 709 *sl
138 657 209 741 rupit,
229 657 317 722 *alios
339 660 534 745 quibusdam
556 661 836 748 pollicitationibus
858 665 967 729 illexit.
1010 666 1068 729 Eis
1094 688 1286 752 (quoquere.
1303 691 1348 732 ar.

54 746 67 791 ἱ·
136 761 212 826 usqne
229 742 267 806 ad
287 743 436 808 effectum
458 748 574 828 suasit,
603 768 667 832 quo
689 747 750 811 sibi
772 750 1006 828 satisfacerent,
1037 762 1071 814 ut
1099 750 1220 815 scilicet

54 835 56 841 '
131 825 198 889 urbis
221 827 381 892 introitum
407 829 595 914 panderent.
643 831 708 910 Qui
738 833 839 912 suasi,
868 844 1064 897 sacramento
1092 844 1219 918 tempus

127 911 305 974 comtituunt
347 912 416 976 Nec
436 912 537 977 multo
583 922 632 977 ost
653 923 684 977 et
704 915 737 977 in
752 917 865 981 urbem
879 917 1059 980 admittunt.
1096 918 1219 997 Ingres-

121 1014 223 1080 susque
242 995 389 1081 pervadit
409 1006 442 1061 et
463 1020 482 1060 a
504 998 566 1060 civr
590 1018 628 1060 us
649 998 717 1062 iure
737 1001 926 1063 sacramenti
942 998 1069 1062 obsides
1084 1001 1217 1083 accepit

54 1106 59 1155 e
117 1075 221 1142 Arcem
241 1077 340 1142 solam
362 1102 404 1144 ex
428 1102 550 1165 ugnare
572 1103 636 1144 non
657 1081 767 1164 valuit,
791 1106 828 1146 eo
851 1083 936 1167 qrmd
959 1081 1072 1145 milites
1091 1103 1219 1165 magna-

54 1162 56 1169 '
114 1162 208 1225 nimos
228 1160 369 1230 haberet.
404 1102 508 1228 lllnde
536 1174 568 1228 et
597 1166 705 1247 cessit,
733 1189 801 1230 sese
831 1165 980 1229 recedere
1008 1163 1187 1228 deliberans
1195 1175 1218 1245 ⁸,

113 1254 144 1310 nt
162 1245 261 1331 copiis
282 1245 492 1331 amplioribus
520 1269 749 1333 congressurus
776 1249 894 1313 rediret
921 1270 1089 1332 arcemque
1122 1269 1219 1331 expu-

185 1339 226 1394 et.
256 1330 337 1414 (82.)
359 1329 778 1396 Coranusinexterioribus
789 1333 985 1395 Brittanniae
1019 1331 1149 1412 artibus,
1165 1333 1220 1415 qui

118 1434 193 1478 oeus
213 1413 395 1478 Bruerech²
424 1414 560 1497 dieitur,
588 1414 628 1478 de
656 1415 753 1481 rebus
782 1415 902 1481 bellicis
931 1354 1018 1500 apud
1046 1436 1120 1477 suos
1151 1436 1219 1498 per-

103 1497 269 1579 tractabat,
295 1517 370 1560 cum
391 1497 435 1562 ad
464 1499 533 1562 eius
559 1518 653 1562 aures
682 1498 761 1564 haee
788 1498 892 1564 delata
920 1509 1002 1563 sunt.
1051 1498 1219 1582 Magisque

102 1589 216 1666 coepto
242 1581 372 1664 negotio
405 1582 573 1665 insistens,
606 1584 783 1647 exercitum
810 1583 1005 1669 congregatb
1038 1579 1156 1646 bellum
1180 1604 1219 1645 ue

101 1664 170 1728 fieri
191 1673 293 1749 parat.
330 1664 411 1728 *Etc
426 1666 580 1750 quonism
595 1664 754 1729 obsidioni
768 1667 951 1731 instandum
967 1675 1093 1753 tempus
1109 1688 1136 1729 st
1189 1687 1287 1732 e··ru.
1302 1686 1338 1730 sa

98 1748 165 1829 bat,
188 1746 381 1812 collectum(l
396 1750 574 1814 exercitum
596 1749 668 1814 urbi
683 1749 805 1813 inducit
827 1752 919 1837 eique
940 1751 999 1814 ade
1014 1773 1114 1815 unum
1137 1749 1219 1814 latus

99 1831 299 1898 obsidionem
320 1854 380 1918 per
393 1841 511 1896 terram
527 1831 663 1896 ordinat.
699 1833 750 1897 Ad
768 1833 900 1898 alterum
915 1857 991 1898 vero
1006 1858 1063 1921 per
1077 1835 1219 1920 Ligerim

98 1915 218 1980 classes
227 1915 410 2014 piratarum
423 1915 558 1980 adhibet
565 1916 582 1979 l.
616 1914 767 2001 Undique
783 1940 859 2002 ergo
875 1918 1040 1984 obsidione
1055 1919 1219 2005 disposita,

97 2022 119 2064 a
140 2000 253 2085 pirans
274 2020 333 2084 per
353 1998 498 2080 fluvium,
520 2021 540 2063 a
560 2000 734 2064 Brittannis
756 2023 814 2085 per
834 2011 950 2063 terram
973 2002 1107 2065 urbanis
1127 2001 1219 2065 vehe-

97 2093 225 2148 menter
254 2091 418 2166 urgentur.
461 2082 531 2147 Nec
558 2085 663 2147 minus
691 2085 746 2168 qui
773 2085 806 2145 in
832 2103 904 2146 aree
933 2095 1151 2147 remanserant
1178 2092 1219 2145 a·

97 2165 318 2252 superioribus
331 2163 509 2230 iaculorum
524 2165 652 2231 diversa
665 2187 785 2251 genera
799 2165 1042 2250 precipitabant.
1082 2165 1219 2248 Parique

98 2252 156 2336 inp
225 2251 333 2314 atione
355 2272 392 2314 su
416 2250 555 2314 eriorum
582 2260 677 2335 atque
702 2250 887 2313 inferiorum
917 2248 973 2346 qui
1004 2246 1101 2310 medii
1130 2256 1220 2310 erant

96 2356 186 2400 vexa
207 2335 335 2398 annul.
383 2271 467 2397 llam
495 2334 610 2418 quiin
636 2354 709 2398 arce
738 2342 770 2396 et
797 2333 831 2395 in
862 2331 1027 2395 obsidione
1058 2329 1220 2396 certabant

100 2417 226 2484 Oonani
246 2426 356 2502 partes
376 2417 558 2482 tuebantur.
594 2415 718 2481 Urbani
733 2438 808 2481 vero
831 2416 904 2501 proi
919 2413 1071 2479 Falconis
1086 2413 1220 2479 victoria

101 2523 233 2600 operam
255 2500 385 2566 dabant.
431 2500 519 2565 *Nec
547 2502 652 2564 minus
668 2499 767 2564 Fuloo
791 2500 898 2585 copias
920 2499 1055 2585 parabat
1076 2510 1108 2564 et
1131 2518 1287 2565 exer-uon.
1305 2521 1348 2566 or.

101 2596 201 2650 crtum
221 2594 290 2648 tam
311 2584 352 2648 de
373 2585 439 2648 suis
462 2605 558 2669 quam
581 2584 787 2648 conducticiis
809 2584 1033 2669 congregabat.
1076 2581 1218 2648 Auditol
1230 2583 1316 2624 ΝΜ·

100 2689 177 2733 vero
192 2668 362 2734 Conanum
383 2667 478 2731 urbik
500 2667 700 2734 obsidionem
719 2666 935 2751 adhibuisset,
957 2669 1046 2734 m0x¹
1061 2667 1219 2756 legionem

101 2752 300 2818 Brittanniae
321 2751 426 2816 infert.

392 2894 442 2958 83.
485 2891 615 2957 Dolusm
637 2893 772 2960 Fuleoni
798 2907 938 2982 paratus.

185 2995 267 3062 Erat
299 3016 429 3081 campus
459 3005 543 3060 non⁸
569 2993 681 3060 valdee
711 2998 858 3080 procul³,
887 2998 1085 3084 longitudine
1113 3000 1161 3062 sui
1190 3007 1221 3062 et

102 3077 270 3143 latitudine
300 3089 427 3161 vastus,
453 3078 607 3144 filicetum
637 3078 671 3139 in
700 3100 734 3142 se
761 3083 938 3143 maximum
970 3081 1100 3145 habens.
1157 3080 1221 3142 Hic

103 3163 281 3228 Coranusn
302 3161 409 3227 locum
430 3162 562 3247 gerendi
582 3158 658 3226 belli
680 3161 892 3241 constituens,
920 3163 1109 3225 insidiarum
1131 3161 1220 3225 dolos

102 3245 226 3311 infodit.
269 3245 353 3310 Nam
374 3247 476 3311 fossas
507 3267 602 3332 quam
624 3241 731 3329 plures
753 3243 799 3308 ibi
825 3244 1022 3328 inmergens,
1049 3244 1166 3327 virgis⁰
1189 3254 1221 3308 et

101 3330 277 3395 viminibus
305 3329 493 3416 stipulisque
523 3350 633 3393 earum
661 3326 766 3391 hiatus
794 3326 933 3411 desuper
962 3327 1102 3411 operuit,
1134 3325 1219 3388 intus

101 3413 241 3478 surculis
271 3413 414 3496 defixisv,
444 3414 500 3499 qui
529 3411 694 3496 superiora
723 3413 942 3475 continerentt
970 3420 1001 3474 et
1028 3407 1220 3472 soliditatem

103 3496 286 3584 superficiei
307 3497 499 3561 simularent.
542 3496 586 3558 Et
612 3503 666 3556 utr
698 3493 846 3558 simulata
877 3492 1061 3578 superficies
1093 3490 1219 3576 penitus

101 3579 225 3730 laffiret'
246 3579 363 3646 filicem
385 3579 548 3645 collectam
571 3578 709 3664 desuper
730 3577 881 3664 respersit
906 3575 1103 3658 insidiasque
1129 3572 1220 3636 dissi-

101 3687 136 3728 m
171 3666 248 3730 avit.

96 3875 101 3883 ·
165 3854 188 3907 a)
201 3856 309 3906 poetata.
368 3850 392 3903 b)
408 3857 475 3904 parat
490 3863 596 3903 superscr.
613 3856 746 3902 congregat.
806 3847 826 3902 c)
843 3850 893 3890 tace
907 3851 931 3890 ia
943 3847 1123 3902 praetereunte
1131 3846 1224 3898 adjecta.

102 3916 128 3968 d)
144 3919 219 3956 totum
236 3917 256 3955 1.
345 3909 366 3964 a)
383 3922 425 3961 per
439 3923 545 3962 superare.
562 3911 599 3954 sd.
687 3909 826 3964 badhibuit
840 3921 947 3959 superea.
964 3913 993 3952 et.
1083 3904 1107 3961 g)
1129 3908 1182 3948 urbi
1198 3910 1219 3953 1.

102 3973 128 4026 h)
141 3983 202 4014 vexa
217 3984 227 4012 e
241 3983 298 4014 corr.
388 3969 406 4021 1)
422 3980 444 4012 v.
460 3972 486 4016 F.
501 3971 597 4027 victortp
614 3969 633 4011 1.
714 3969 739 4022 k)
761 3968 821 4011 And.
844 3991 869 3999 -
891 3969 1023 4010 adhibuisse
1045 3968 1069 4009 tn
1083 3978 1160 4017 mara,
1175 3969 1220 4014 att.

104 4033 199 4082 Audito,
214 4032 265 4083 urb,
280 4031 325 4070 adh
340 4029 396 4071 abac.
462 4028 479 4080 l)
496 4038 574 4077 congr.
590 4031 621 4069 Et
636 4029 757 4070 collectum
777 4028 797 4066 1.
863 4025 895 4079 m)
912 4028 958 4068 Dol
973 4027 1029 4067 abac.
1096 4024 1120 4078 n)
1137 4026 1221 4076 annam

104 4087 392 4140 appositamiomaradtd.
453 4085 475 4138 o)
492 4087 597 4135 virgultis
611 4090 630 4129 1.
689 4085 715 4138 p)
731 4085 841 4126 dsflxttl.
903 4085 926 4137 q)
943 4097 962 4127 s.
980 4097 1000 4128 e.
1017 4088 1040 4127 st
1054 4087 1079 4127 ia
1094 4096 1168 4134 marn„
1184 4085 1222 4126 abt

103 4159 170 4200 supe,
187 4151 240 4188 cont
254 4148 311 4188 absc.
371 4143 391 4199 r)
407 4148 433 4186 ut
447 4145 539 4196 penitus
555 4155 573 4187 s.
592 4147 612 4185 1.

182 4277 211 4347 1)
229 4281 342 4332 Nautes.
415 4276 444 4345 2)
464 4279 553 4329 Brun?
573 4277 688 4330 POINS.
