<?xml version="1.0" encoding="UTF-8"?>
<!DOCTYPE html PUBLIC "-//W3C//DTD XHTML 1.0 Transitional//EN"
    "http://www.w3.org/TR/xhtml1/DTD/xhtml1-transitional.dtd">
<html xmlns="http://www.w3.org/1999/xhtml" xml:lang="en" lang="en">
 <head>
  <title>
</title>
<meta http-equiv="Content-Type" content="text/html;charset=utf-8" />
  <meta name='ocr-system' content='tesseract 3.04.00' />
  <meta name='ocr-capabilities' content='ocr_page ocr_carea ocr_par ocr_line ocrx_word'/>
</head>
<body>
  <div class='ocr_page' id='page_1' title='image "./richerihistoria01richgoog_0120.png"; bbox 0 0 2820 4824; ppageno 0'>
   <div class='ocr_carea' id='block_1_1' title="bbox 317 353 1211 410">
    <p class='ocr_par' dir='ltr' id='par_1_1' title="bbox 317 353 1211 410">
     <span class='ocr_line' id='line_1_1' title="bbox 317 353 1211 410; baseline 0.003 -6"><span class='ocrx_word' id='word_1_1' title='bbox 317 353 470 404; x_wconf 72' lang='lat' dir='ltr'>alonem</span> <span class='ocrx_word' id='word_1_2' title='bbox 490 355 742 407; x_wconf 83' lang='lat' dir='ltr'><strong>HISTORIARUM</strong></span> <span class='ocrx_word' id='word_1_3' title='bbox 761 355 872 408; x_wconf 80' lang='lat' dir='ltr'>LIBER</span> <span class='ocrx_word' id='word_1_4' title='bbox 891 357 944 410; x_wconf 88' lang='lat'>111.</span> <span class='ocrx_word' id='word_1_5' title='bbox 1162 358 1211 407; x_wconf 79' lang='grc'>103</span> 
     </span>
    </p>
   </div>
   <div class='ocr_carea' id='block_1_2' title="bbox 93 520 1211 1589">
    <p class='ocr_par' dir='ltr' id='par_1_2' title="bbox 93 520 1211 1589">
     <span class='ocr_line' id='line_1_2' title="bbox 94 520 1211 608; baseline 0.003 -23"><span class='ocrx_word' id='word_1_6' title='bbox 94 520 237 585; x_wconf 89' lang='lat' dir='ltr'>fistulam</span> <span class='ocrx_word' id='word_1_7' title='bbox 252 521 431 602; x_wconf 87' lang='lat' dir='ltr'>constituit,</span> <span class='ocrx_word' id='word_1_8' title='bbox 453 521 487 583; x_wconf 92' lang='lat' dir='ltr'>in</span> <span class='ocrx_word' id='word_1_9' title='bbox 508 522 598 584; x_wconf 92' lang='lat' dir='ltr'>cuius</span> <span class='ocrx_word' id='word_1_10' title='bbox 620 520 839 586; x_wconf 81' lang='lat' dir='ltr'><strong>cacuminibus</strong></span> <span class='ocrx_word' id='word_1_11' title='bbox 863 521 944 586; x_wconf 90' lang='lat' dir='ltr'>duos</span> <span class='ocrx_word' id='word_1_12' title='bbox 966 522 1056 608; x_wconf 85' lang='lat' dir='ltr'>polos</span> <span class='ocrx_word' id='word_1_13' title='bbox 1078 523 1211 588; x_wconf 91' lang='lat' dir='ltr'>boreum</span> 
     </span>
     <span class='ocr_line' id='line_1_3' title="bbox 94 601 1210 672; baseline 0.002 -2"><span class='ocrx_word' id='word_1_14' title='bbox 94 613 129 670; x_wconf 90' lang='lat' dir='ltr'>et</span> <span class='ocrx_word' id='word_1_15' title='bbox 150 601 393 668; x_wconf 76' lang='lat' dir='ltr'>austronothum</span> <span class='ocrx_word' id='word_1_16' title='bbox 415 604 570 668; x_wconf 87' lang='lat' dir='ltr'>notandos</span> <span class='ocrx_word' id='word_1_17' title='bbox 593 627 662 669; x_wconf 89' lang='lat' dir='ltr'>esse</span> <span class='ocrx_word' id='word_1_18' title='bbox 683 607 827 671; x_wconf 90' lang='lat' dir='ltr'>instituit.</span> <span class='ocrx_word' id='word_1_19' title='bbox 872 605 1113 672; x_wconf 71' lang='lat' dir='ltr'>semicirculum</span> <span class='ocrx_word' id='word_1_20' title='bbox 1134 630 1210 672; x_wconf 92' lang='lat' dir='ltr'>vero</span> 
     </span>
     <span class='ocr_line' id='line_1_4' title="bbox 94 686 1210 777; baseline 0.002 -26"><span class='ocrx_word' id='word_1_21' title='bbox 94 710 115 751; x_wconf 82' lang='lat' dir='ltr'>a</span> <span class='ocrx_word' id='word_1_22' title='bbox 137 687 213 773; x_wconf 92' lang='lat' dir='ltr'>polo</span> <span class='ocrx_word' id='word_1_23' title='bbox 236 687 278 751; x_wconf 89' lang='lat' dir='ltr'>ad</span> <span class='ocrx_word' id='word_1_24' title='bbox 323 686 410 750; x_wconf 94' lang='lat' dir='ltr'>olum</span> <span class='ocrx_word' id='word_1_25' title='bbox 432 687 473 751; x_wconf 89' lang='lat'>30</span> <span class='ocrx_word' id='word_1_26' title='bbox 517 687 639 752; x_wconf 89' lang='lat' dir='ltr'>artibus</span> <span class='ocrx_word' id='word_1_27' title='bbox 662 687 778 754; x_wconf 89' lang='lat' dir='ltr'>divisit.</span> <span class='ocrx_word' id='word_1_28' title='bbox 823 690 967 770; x_wconf 76' lang='lat' dir='ltr'>Quarum</span> <span class='ocrx_word' id='word_1_29' title='bbox 995 713 1054 754; x_wconf 89' lang='lat' dir='ltr'>sex</span> <span class='ocrx_word' id='word_1_30' title='bbox 1074 713 1094 755; x_wconf 94' lang='lat' dir='ltr'>a</span> <span class='ocrx_word' id='word_1_31' title='bbox 1115 689 1210 777; x_wconf 67' lang='lat' dir='ltr'>polo8¹</span> 
     </span>
     <span class='ocr_line' id='line_1_5' title="bbox 95 710 1210 857; baseline 0.001 -21"><span class='ocrx_word' id='word_1_32' title='bbox 95 771 266 851; x_wconf 89' lang='lat' dir='ltr'>distinctis,</span> <span class='ocrx_word' id='word_1_33' title='bbox 311 770 426 834; x_wconf 83' lang='lat' dir='ltr'>atulam</span> <span class='ocrx_word' id='word_1_34' title='bbox 447 710 601 853; x_wconf 73' lang='lat' dir='ltr'>adllibuit,</span> <span class='ocrx_word' id='word_1_35' title='bbox 623 794 791 857; x_wconf 87' lang='lat' dir='ltr'>perquam</span> <span class='ocrx_word' id='word_1_36' title='bbox 807 773 968 838; x_wconf 88' lang='lat' dir='ltr'>circularis</span> <span class='ocrx_word' id='word_1_37' title='bbox 982 774 1067 838; x_wconf 86' lang='lat' dir='ltr'>linea</span> <span class='ocrx_word' id='word_1_38' title='bbox 1081 775 1210 839; x_wconf 77' lang='lat' dir='ltr'>arcticib</span> 
     </span>
     <span class='ocr_line' id='line_1_6' title="bbox 95 855 1210 942; baseline 0.004 -23"><span class='ocrx_word' id='word_1_39' title='bbox 95 857 288 940; x_wconf 78' lang='lat' dir='ltr'>signaretur.</span> <span class='ocrx_word' id='word_1_40' title='bbox 345 856 423 918; x_wconf 87' lang='lat' dir='ltr'>Post</span> <span class='ocrx_word' id='word_1_41' title='bbox 458 877 536 939; x_wconf 90' lang='lat' dir='ltr'>quas</span> <span class='ocrx_word' id='word_1_42' title='bbox 573 855 671 919; x_wconf 88' lang='lat' dir='ltr'>etiam</span> <span class='ocrx_word' id='word_1_43' title='bbox 710 858 848 942; x_wconf 86' lang='lat' dir='ltr'>quinque</span> <span class='ocrx_word' id='word_1_44' title='bbox 885 858 1037 940; x_wconf 89' lang='lat' dir='ltr'>diductis,</span> <span class='ocrx_word' id='word_1_45' title='bbox 1072 858 1210 923; x_wconf 89' lang='lat' dir='ltr'>fistulam</span> 
     </span>
     <span class='ocr_line' id='line_1_7' title="bbox 95 931 1209 1025; baseline 0.003 -22"><span class='ocrx_word' id='word_1_46' title='bbox 95 960 227 1025; x_wconf 91' lang='lat' dir='ltr'>quoque</span> <span class='ocrx_word' id='word_1_47' title='bbox 263 931 396 1020; x_wconf 90' lang='lat' dir='ltr'>adiecit,</span> <span class='ocrx_word' id='word_1_48' title='bbox 432 959 514 1023; x_wconf 88' lang='lat' dir='ltr'>quae</span> <span class='ocrx_word' id='word_1_49' title='bbox 550 938 734 1003; x_wconf 80' lang='lat' dir='ltr'>aestivalem</span> <span class='ocrx_word' id='word_1_50' title='bbox 770 940 1009 1005; x_wconf 81' lang='lat' dir='ltr'>circulationem</span> <span class='ocrx_word' id='word_1_51' title='bbox 1044 943 1209 1007; x_wconf 88' lang='lat' dir='ltr'>indicaret.</span> 
     </span>
     <span class='ocr_line' id='line_1_8' title="bbox 94 1022 1209 1108; baseline 0.002 -21"><span class='ocrx_word' id='word_1_52' title='bbox 94 1022 227 1087; x_wconf 89' lang='lat' dir='ltr'>Abinde</span> <span class='ocrx_word' id='word_1_53' title='bbox 250 1043 375 1108; x_wconf 93' lang='lat' dir='ltr'>quoquc</span> <span class='ocrx_word' id='word_1_54' title='bbox 398 1032 532 1106; x_wconf 90' lang='lat' dir='ltr'>quatuor</span> <span class='ocrx_word' id='word_1_55' title='bbox 559 1023 679 1104; x_wconf 91' lang='lat' dir='ltr'>divisis,</span> <span class='ocrx_word' id='word_1_56' title='bbox 705 1023 845 1087; x_wconf 89' lang='lat' dir='ltr'>fistulam</span> <span class='ocrx_word' id='word_1_57' title='bbox 874 1024 1048 1089; x_wconf 82' lang='lat' dir='ltr'>identidem</span> <span class='ocrx_word' id='word_1_58' title='bbox 1076 1026 1209 1108; x_wconf 86' lang='lat' dir='ltr'>addidit,</span> 
     </span>
     <span class='ocr_line' id='line_1_9' title="bbox 94 1104 1210 1205; baseline 0.003 -36"><span class='ocrx_word' id='word_1_59' title='bbox 94 1106 183 1170; x_wconf 89' lang='lat' dir='ltr'>unde</span> <span class='ocrx_word' id='word_1_60' title='bbox 217 1104 457 1205; x_wconf 76' lang='lat' dir='ltr'>aequinoctialis</span> <span class='ocrx_word' id='word_1_61' title='bbox 489 1107 667 1171; x_wconf 75' lang='lat' dir='ltr'>rotrmditas</span> <span class='ocrx_word' id='word_1_62' title='bbox 703 1107 987 1172; x_wconf 88' lang='lat' dir='ltr'>commendaretur.</span> <span class='ocrx_word' id='word_1_63' title='bbox 1040 1107 1210 1194; x_wconf 89' lang='lat' dir='ltr'>Reliquum</span> 
     </span>
     <span class='ocr_line' id='line_1_10' title="bbox 94 1189 1209 1289; baseline 0.003 -36"><span class='ocrx_word' id='word_1_64' title='bbox 94 1211 175 1254; x_wconf 94' lang='lat' dir='ltr'>vero</span> <span class='ocrx_word' id='word_1_65' title='bbox 199 1201 337 1289; x_wconf 79' lang='lat' dir='ltr'>spanum</span> <span class='ocrx_word' id='word_1_66' title='bbox 359 1211 461 1274; x_wconf 89' lang='lat' dir='ltr'>usque</span> <span class='ocrx_word' id='word_1_67' title='bbox 482 1189 524 1252; x_wconf 90' lang='lat' dir='ltr'>ad</span> <span class='ocrx_word' id='word_1_68' title='bbox 545 1193 667 1254; x_wconf 91' lang='lat' dir='ltr'>notium</span> <span class='ocrx_word' id='word_1_69' title='bbox 689 1189 799 1276; x_wconf 90' lang='lat' dir='ltr'>polum</span> <span class='ocrx_word' id='word_1_70' title='bbox 822 1191 941 1255; x_wconf 89' lang='lat' dir='ltr'>eisdem</span> <span class='ocrx_word' id='word_1_71' title='bbox 959 1191 1209 1256; x_wconf 76' lang='lat' dir='ltr'>dimensionibus</span> 
     </span>
     <span class='ocr_line' id='line_1_11' title="bbox 94 1272 1209 1356; baseline 0.002 -19"><span class='ocrx_word' id='word_1_72' title='bbox 94 1273 254 1338; x_wconf 80' lang='lat' dir='ltr'>distinxit.</span> <span class='ocrx_word' id='word_1_73' title='bbox 298 1272 398 1337; x_wconf 72' lang='lat' dir='ltr'>(iuius</span> <span class='ocrx_word' id='word_1_74' title='bbox 424 1274 624 1338; x_wconf 89' lang='lat' dir='ltr'>instrumenti</span> <span class='ocrx_word' id='word_1_75' title='bbox 650 1275 729 1338; x_wconf 88' lang='lat' dir='ltr'>ratio</span> <span class='ocrx_word' id='word_1_76' title='bbox 757 1277 791 1338; x_wconf 92' lang='lat' dir='ltr'>in</span> <span class='ocrx_word' id='word_1_77' title='bbox 817 1284 938 1338; x_wconf 91' lang='lat' dir='ltr'>tantum</span> <span class='ocrx_word' id='word_1_78' title='bbox 963 1274 1073 1356; x_wconf 87' lang='lat' dir='ltr'>valuit,</span> <span class='ocrx_word' id='word_1_79' title='bbox 1103 1285 1138 1339; x_wconf 90' lang='lat' dir='ltr'>ut</span> <span class='ocrx_word' id='word_1_80' title='bbox 1167 1276 1209 1340; x_wconf 85' lang='lat' dir='ltr'>ad</span> 
     </span>
     <span class='ocr_line' id='line_1_12' title="bbox 94 1355 1208 1444; baseline 0.004 -24"><span class='ocrx_word' id='word_1_81' title='bbox 94 1355 207 1443; x_wconf 91' lang='lat' dir='ltr'>polum</span> <span class='ocrx_word' id='word_1_82' title='bbox 229 1378 287 1420; x_wconf 92' lang='lat' dir='ltr'>sua</span> <span class='ocrx_word' id='word_1_83' title='bbox 307 1356 461 1421; x_wconf 88' lang='lat' dir='ltr'>diametro</span> <span class='ocrx_word' id='word_1_84' title='bbox 484 1356 603 1422; x_wconf 87' lang='lat' dir='ltr'>directa</span> <span class='ocrx_word' id='word_1_85' title='bbox 624 1380 661 1420; x_wconf 89' lang='lat' dir='ltr'>ac</span> <span class='ocrx_word' id='word_1_86' title='bbox 685 1357 875 1422; x_wconf 87' lang='lat' dir='ltr'>semicirculi</span> <span class='ocrx_word' id='word_1_87' title='bbox 893 1358 1101 1444; x_wconf 92' lang='lat' dir='ltr'>productione</span> <span class='ocrx_word' id='word_1_88' title='bbox 1116 1381 1208 1444; x_wconf 89' lang='lat' dir='ltr'>supe·</span> 
     </span>
     <span class='ocr_line' id='line_1_13' title="bbox 93 1438 1209 1528; baseline 0.002 -24"><span class='ocrx_word' id='word_1_89' title='bbox 93 1442 164 1505; x_wconf 87' lang='lat' dir='ltr'>rius</span> <span class='ocrx_word' id='word_1_90' title='bbox 186 1463 287 1522; x_wconf 89' lang='lat' dir='ltr'>versa,</span> <span class='ocrx_word' id='word_1_91' title='bbox 316 1438 449 1504; x_wconf 90' lang='lat' dir='ltr'>circulos</span> <span class='ocrx_word' id='word_1_92' title='bbox 471 1440 594 1505; x_wconf 88' lang='lat' dir='ltr'>visibus</span> <span class='ocrx_word' id='word_1_93' title='bbox 622 1441 806 1526; x_wconf 83' lang='lat' dir='ltr'>inexpertos</span> <span class='ocrx_word' id='word_1_94' title='bbox 829 1443 978 1506; x_wconf 89' lang='lat' dir='ltr'>scientiae</span> <span class='ocrx_word' id='word_1_95' title='bbox 1000 1440 1091 1506; x_wconf 89' lang='lat' dir='ltr'>daret</span> <span class='ocrx_word' id='word_1_96' title='bbox 1114 1452 1209 1528; x_wconf 91' lang='lat' dir='ltr'>atque</span> 
     </span>
     <span class='ocr_line' id='line_1_14' title="bbox 94 1522 555 1589; baseline -0.002 0"><span class='ocrx_word' id='word_1_97' title='bbox 94 1523 164 1589; x_wconf 84' lang='lat' dir='ltr'>alta</span> <span class='ocrx_word' id='word_1_98' title='bbox 184 1524 338 1588; x_wconf 91' lang='lat' dir='ltr'>memoria</span> <span class='ocrx_word' id='word_1_99' title='bbox 359 1522 555 1588; x_wconf 88' lang='lat' dir='ltr'>reconderet.</span> 
     </span>
    </p>
   </div>
   <div class='ocr_carea' id='block_1_3' title="bbox 93 1643 1209 1999">
    <p class='ocr_par' dir='ltr' id='par_1_3' title="bbox 93 1643 1209 1999">
     <span class='ocr_line' id='line_1_15' title="bbox 124 1643 1186 1731; baseline 0 -23"><span class='ocrx_word' id='word_1_100' title='bbox 124 1643 178 1708; x_wconf 74' lang='lat'>52.</span> <span class='ocrx_word' id='word_1_101' title='bbox 212 1643 331 1728; x_wconf 83' lang='lat' dir='ltr'>Speras</span> <span class='ocrx_word' id='word_1_102' title='bbox 353 1645 541 1728; x_wconf 85' lang='lat' dir='ltr'>compositio</span> <span class='ocrx_word' id='word_1_103' title='bbox 563 1644 696 1728; x_wconf 88' lang='lat' dir='ltr'>planetis</span> <span class='ocrx_word' id='word_1_104' title='bbox 719 1645 970 1730; x_wconf 80' lang='lat' dir='ltr'>cognescendis⁰</span> <span class='ocrx_word' id='word_1_105' title='bbox 991 1646 1186 1731; x_wconf 55' lang='lat' dir='ltr'>aptissimae</span> 
     </span>
     <span class='ocr_line' id='line_1_16' title="bbox 181 1745 1209 1831; baseline 0.001 -22"><span class='ocrx_word' id='word_1_106' title='bbox 181 1745 388 1809; x_wconf 86' lang='lat' dir='ltr'>Errantium*</span> <span class='ocrx_word' id='word_1_107' title='bbox 410 1767 536 1831; x_wconf 90' lang='lat' dir='ltr'>quoque</span> <span class='ocrx_word' id='word_1_108' title='bbox 559 1745 698 1809; x_wconf 89' lang='lat' dir='ltr'>siderum</span> <span class='ocrx_word' id='word_1_109' title='bbox 721 1746 832 1810; x_wconf 91' lang='lat' dir='ltr'>circuli</span> <span class='ocrx_word' id='word_1_110' title='bbox 855 1770 928 1811; x_wconf 87' lang='lat' dir='ltr'>curn</span> <span class='ocrx_word' id='word_1_111' title='bbox 950 1749 1033 1811; x_wconf 87' lang='lat' dir='ltr'>intra</span> <span class='ocrx_word' id='word_1_112' title='bbox 1053 1747 1209 1811; x_wconf 91' lang='lat' dir='ltr'>mundum</span> 
     </span>
     <span class='ocr_line' id='line_1_17' title="bbox 94 1829 1208 1914; baseline 0.002 -21"><span class='ocrx_word' id='word_1_113' title='bbox 94 1829 248 1908; x_wconf 87' lang='lat' dir='ltr'>ferantur,</span> <span class='ocrx_word' id='word_1_114' title='bbox 270 1839 302 1892; x_wconf 89' lang='lat' dir='ltr'>ct</span> <span class='ocrx_word' id='word_1_115' title='bbox 314 1839 424 1892; x_wconf 89' lang='lat' dir='ltr'>contra</span> <span class='ocrx_word' id='word_1_116' title='bbox 445 1829 645 1909; x_wconf 85' lang='lat' dir='ltr'>contendant,</span> <span class='ocrx_word' id='word_1_117' title='bbox 668 1851 730 1914; x_wconf 93' lang='lat' dir='ltr'>quo</span> <span class='ocrx_word' id='word_1_118' title='bbox 746 1840 853 1894; x_wconf 87' lang='lat' dir='ltr'>tamen</span> <span class='ocrx_word' id='word_1_119' title='bbox 868 1831 1002 1895; x_wconf 87' lang='lat' dir='ltr'>artificio</span> <span class='ocrx_word' id='word_1_120' title='bbox 1017 1830 1208 1914; x_wconf 89' lang='lat' dir='ltr'>viderentur,</span> 
     </span>
     <span class='ocr_line' id='line_1_18' title="bbox 93 1912 1208 1999; baseline 0.001 -22"><span class='ocrx_word' id='word_1_121' title='bbox 93 1913 252 1977; x_wconf 86' lang='lat' dir='ltr'>scrutanti</span> <span class='ocrx_word' id='word_1_122' title='bbox 287 1933 352 1976; x_wconf 92' lang='lat' dir='ltr'>non</span> <span class='ocrx_word' id='word_1_123' title='bbox 388 1912 496 1976; x_wconf 89' lang='lat' dir='ltr'>defuit.</span> <span class='ocrx_word' id='word_1_124' title='bbox 553 1913 704 1998; x_wconf 78' lang='lat' dir='ltr'>inprimis</span> <span class='ocrx_word' id='word_1_125' title='bbox 740 1915 824 1977; x_wconf 91' lang='lat' dir='ltr'>enim</span> <span class='ocrx_word' id='word_1_126' title='bbox 860 1937 987 1999; x_wconf 87' lang='lat' dir='ltr'>speram</span> <span class='ocrx_word' id='word_1_127' title='bbox 1023 1914 1208 1979; x_wconf 87' lang='lat' dir='ltr'>circularem</span> 
     </span>
    </p>
   </div>
   <div class='ocr_carea' id='block_1_4' title="bbox 93 1994 1208 2178">
    <p class='ocr_par' dir='ltr' id='par_1_4' title="bbox 93 1994 1208 2178">
     <span class='ocr_line' id='line_1_19' title="bbox 93 1994 1208 2078; baseline 0.001 -17"><span class='ocrx_word' id='word_1_128' title='bbox 93 1996 218 2078; x_wconf 73' lang='lat' dir='ltr'>effecit,</span> <span class='ocrx_word' id='word_1_129' title='bbox 240 1994 301 2060; x_wconf 94' lang='lat' dir='ltr'>hoo</span> <span class='ocrx_word' id='word_1_130' title='bbox 324 2005 434 2060; x_wconf 86' lang='lat' dir='ltr'>estex</span> <span class='ocrx_word' id='word_1_131' title='bbox 455 1996 530 2060; x_wconf 92' lang='lat' dir='ltr'>solis</span> <span class='ocrx_word' id='word_1_132' title='bbox 553 1995 677 2060; x_wconf 89' lang='lat' dir='ltr'>circulis</span> <span class='ocrx_word' id='word_1_133' title='bbox 694 2007 899 2061; x_wconf 85' lang='lat' dir='ltr'>constantem.</span> <span class='ocrx_word' id='word_1_134' title='bbox 942 1999 981 2060; x_wconf 94' lang='lat' dir='ltr'>In</span> <span class='ocrx_word' id='word_1_135' title='bbox 1018 2020 1060 2062; x_wconf 90' lang='lat' dir='ltr'>ua</span> <span class='ocrx_word' id='word_1_136' title='bbox 1075 1997 1208 2062; x_wconf 89' lang='lat' dir='ltr'>circulos</span> 
     </span>
     <span class='ocr_line' id='line_1_20' title="bbox 94 2021 1207 2178; baseline 0 -34"><span class='ocrx_word' id='word_1_137' title='bbox 94 2080 178 2144; x_wconf 90' lang='lat' dir='ltr'>duos</span> <span class='ocrx_word' id='word_1_138' title='bbox 201 2081 256 2178; x_wconf 84' lang='lat' dir='ltr'>qui</span> <span class='ocrx_word' id='word_1_139' title='bbox 277 2079 425 2144; x_wconf 79' lang='lat' dir='ltr'>aGrecis</span> <span class='ocrx_word' id='word_1_140' title='bbox 447 2079 587 2162; x_wconf 87' lang='lat' dir='ltr'>coluri1,</span> <span class='ocrx_word' id='word_1_141' title='bbox 617 2080 769 2143; x_wconf 89' lang='lat' dir='ltr'>aLatinis</span> <span class='ocrx_word' id='word_1_142' title='bbox 793 2080 967 2145; x_wconf 88' lang='lat' dir='ltr'>incidentes</span> <span class='ocrx_word' id='word_1_143' title='bbox 990 2021 1147 2160; x_wconf 76' lang='lat' dir='ltr'>dicuntur,</span> <span class='ocrx_word' id='word_1_144' title='bbox 1170 2102 1207 2145; x_wconf 93' lang='lat' dir='ltr'>eo</span> 
     </span>
    </p>
   </div>
   <div class='ocr_carea' id='block_1_5' title="bbox 94 2161 1209 2395">
    <p class='ocr_par' dir='ltr' id='par_1_5' title="bbox 94 2161 1209 2395">
     <span class='ocr_line' id='line_1_21' title="bbox 95 2161 1208 2250; baseline 0 -24"><span class='ocrx_word' id='word_1_145' title='bbox 95 2163 186 2250; x_wconf 87' lang='lat' dir='ltr'>quod</span> <span class='ocrx_word' id='word_1_146' title='bbox 206 2186 240 2226; x_wconf 93' lang='lat' dir='ltr'>1n</span> <span class='ocrx_word' id='word_1_147' title='bbox 259 2185 327 2228; x_wconf 87' lang='lat' dir='ltr'>sese</span> <span class='ocrx_word' id='word_1_148' title='bbox 341 2163 483 2228; x_wconf 91' lang='lat' dir='ltr'>incidant</span> <span class='ocrx_word' id='word_1_149' title='bbox 497 2162 708 2248; x_wconf 87' lang='lat' dir='ltr'>complicavit.</span> <span class='ocrx_word' id='word_1_150' title='bbox 751 2165 790 2226; x_wconf 94' lang='lat' dir='ltr'>In</span> <span class='ocrx_word' id='word_1_151' title='bbox 805 2185 939 2248; x_wconf 92' lang='lat' dir='ltr'>quorum</span> <span class='ocrx_word' id='word_1_152' title='bbox 955 2161 1208 2228; x_wconf 85' lang='lat' dir='ltr'>extremitatibus</span> 
     </span>
     <span class='ocr_line' id='line_1_22' title="bbox 94 2245 1209 2395; baseline -0.001 -85"><span class='ocrx_word' id='word_1_153' title='bbox 94 2246 188 2395; x_wconf 67' lang='lat' dir='ltr'>polos</span> <span class='ocrx_word' id='word_1_154' title='bbox 218 2246 298 2310; x_wconf 80' lang='lat' dir='ltr'>fixit.</span> <span class='ocrx_word' id='word_1_155' title='bbox 348 2246 438 2311; x_wconf 91' lang='lat' dir='ltr'>Alios</span> <span class='ocrx_word' id='word_1_156' title='bbox 470 2269 548 2311; x_wconf 90' lang='lat' dir='ltr'>vero</span> <span class='ocrx_word' id='word_1_157' title='bbox 578 2249 718 2344; x_wconf 80' lang='lat' dir='ltr'>quinque</span> <span class='ocrx_word' id='word_1_158' title='bbox 754 2245 906 2328; x_wconf 88' lang='lat' dir='ltr'>circulos,</span> <span class='ocrx_word' id='word_1_159' title='bbox 942 2248 998 2333; x_wconf 93' lang='lat' dir='ltr'>qui</span> <span class='ocrx_word' id='word_1_160' title='bbox 1032 2245 1209 2331; x_wconf 83' lang='lat' dir='ltr'>paralleli**</span> 
     </span>
    </p>
   </div>
   <div class='ocr_carea' id='block_1_6' title="bbox 95 2329 1213 3502">
    <p class='ocr_par' dir='ltr' id='par_1_6' title="bbox 95 2329 1213 3502">
     <span class='ocr_line' id='line_1_23' title="bbox 119 2329 1209 2417; baseline -0.001 -23"><span class='ocrx_word' id='word_1_161' title='bbox 119 2332 256 2412; x_wconf 90' lang='lat' dir='ltr'>icuntur,</span> <span class='ocrx_word' id='word_1_162' title='bbox 285 2329 401 2394; x_wconf 89' lang='lat' dir='ltr'>coluris</span> <span class='ocrx_word' id='word_1_163' title='bbox 429 2341 634 2417; x_wconf 78' lang='lat' dir='ltr'>transposuit,</span> <span class='ocrx_word' id='word_1_164' title='bbox 670 2341 715 2394; x_wconf 87' lang='lat' dir='ltr'>1ta</span> <span class='ocrx_word' id='word_1_165' title='bbox 746 2340 782 2394; x_wconf 89' lang='lat' dir='ltr'>ut</span> <span class='ocrx_word' id='word_1_166' title='bbox 813 2353 832 2394; x_wconf 91' lang='lat' dir='ltr'>a</span> <span class='ocrx_word' id='word_1_167' title='bbox 861 2329 935 2414; x_wconf 91' lang='lat' dir='ltr'>polo</span> <span class='ocrx_word' id='word_1_168' title='bbox 964 2330 1006 2394; x_wconf 89' lang='lat' dir='ltr'>ad</span> <span class='ocrx_word' id='word_1_169' title='bbox 1057 2329 1142 2393; x_wconf 92' lang='lat' dir='ltr'>olum</span> <span class='ocrx_word' id='word_1_170' title='bbox 1168 2330 1209 2393; x_wconf 88' lang='lat'>30</span> 
     </span>
     <span class='ocr_line' id='line_1_24' title="bbox 95 2352 1209 2502; baseline 0 -24"><span class='ocrx_word' id='word_1_171' title='bbox 95 2423 205 2502; x_wconf 90' lang='lat' dir='ltr'>partes</span> <span class='ocrx_word' id='word_1_172' title='bbox 227 2436 339 2500; x_wconf 90' lang='lat' dir='ltr'>sperae</span> <span class='ocrx_word' id='word_1_173' title='bbox 360 2415 563 2479; x_wconf 89' lang='lat' dir='ltr'>medietatem</span> <span class='ocrx_word' id='word_1_174' title='bbox 586 2414 779 2496; x_wconf 87' lang='lat' dir='ltr'>dividerent;</span> <span class='ocrx_word' id='word_1_175' title='bbox 802 2415 899 2500; x_wconf 90' lang='lat' dir='ltr'>idque</span> <span class='ocrx_word' id='word_1_176' title='bbox 914 2435 978 2477; x_wconf 89' lang='lat' dir='ltr'>non</span> <span class='ocrx_word' id='word_1_177' title='bbox 992 2352 1087 2498; x_wconf 79' lang='lat' dir='ltr'>vulgo</span> <span class='ocrx_word' id='word_1_178' title='bbox 1105 2435 1209 2500; x_wconf 88' lang='lat' dir='ltr'>neque</span> 
     </span>
     <span class='ocr_line' id='line_1_25' title="bbox 96 2496 1209 2584; baseline -0.001 -22"><span class='ocrx_word' id='word_1_179' title='bbox 96 2497 240 2562; x_wconf 83' lang='lat' dir='ltr'>confuse.</span> <span class='ocrx_word' id='word_1_180' title='bbox 287 2498 370 2561; x_wconf 89' lang='lat' dir='ltr'>Nam</span> <span class='ocrx_word' id='word_1_181' title='bbox 398 2498 437 2562; x_wconf 90' lang='lat' dir='ltr'>de</span> <span class='ocrx_word' id='word_1_182' title='bbox 462 2501 504 2563; x_wconf 83' lang='lat'>30</span> <span class='ocrx_word' id='word_1_183' title='bbox 530 2498 680 2562; x_wconf 88' lang='lat' dir='ltr'>dimidiae</span> <span class='ocrx_word' id='word_1_184' title='bbox 708 2519 819 2583; x_wconf 88' lang='lat' dir='ltr'>sperae</span> <span class='ocrx_word' id='word_1_185' title='bbox 847 2498 990 2584; x_wconf 89' lang='lat' dir='ltr'>partibus</span> <span class='ocrx_word' id='word_1_186' title='bbox 1020 2519 1040 2560; x_wconf 90' lang='lat' dir='ltr'>a</span> <span class='ocrx_word' id='word_1_187' title='bbox 1064 2496 1139 2583; x_wconf 92' lang='lat' dir='ltr'>polo</span> <span class='ocrx_word' id='word_1_188' title='bbox 1169 2496 1209 2562; x_wconf 87' lang='lat' dir='ltr'>ad</span> 
     </span>
     <span class='ocr_line' id='line_1_26' title="bbox 96 2580 1210 2669; baseline -0.002 -23"><span class='ocrx_word' id='word_1_189' title='bbox 96 2583 238 2669; x_wconf 89' lang='lat' dir='ltr'>primum</span> <span class='ocrx_word' id='word_1_190' title='bbox 274 2580 427 2645; x_wconf 90' lang='lat' dir='ltr'>circulum</span> <span class='ocrx_word' id='word_1_191' title='bbox 465 2606 523 2647; x_wconf 84' lang='lat' dir='ltr'>sex</span> <span class='ocrx_word' id='word_1_192' title='bbox 555 2583 733 2663; x_wconf 79' lang='lat' dir='ltr'>constituit3</span> <span class='ocrx_word' id='word_1_193' title='bbox 770 2603 790 2643; x_wconf 87' lang='lat' dir='ltr'>a</span> <span class='ocrx_word' id='word_1_194' title='bbox 822 2583 926 2667; x_wconf 90' lang='lat' dir='ltr'>primo</span> <span class='ocrx_word' id='word_1_195' title='bbox 958 2580 1000 2645; x_wconf 87' lang='lat' dir='ltr'>ad</span> <span class='ocrx_word' id='word_1_196' title='bbox 1033 2581 1210 2646; x_wconf 91' lang='lat' dir='ltr'>secundum</span> 
     </span>
     <span class='ocr_line' id='line_1_27' title="bbox 96 2665 1210 2752; baseline 0 -24"><span class='ocrx_word' id='word_1_197' title='bbox 96 2667 255 2752; x_wconf 71' lang='lat' dir='ltr'>quinque,</span> <span class='ocrx_word' id='word_1_198' title='bbox 278 2687 297 2727; x_wconf 89' lang='lat' dir='ltr'>a</span> <span class='ocrx_word' id='word_1_199' title='bbox 319 2665 458 2730; x_wconf 88' lang='lat' dir='ltr'>secundo</span> <span class='ocrx_word' id='word_1_200' title='bbox 480 2667 523 2730; x_wconf 90' lang='lat' dir='ltr'>ad</span> <span class='ocrx_word' id='word_1_201' title='bbox 543 2667 670 2731; x_wconf 87' lang='lat' dir='ltr'>tertium</span> <span class='ocrx_word' id='word_1_202' title='bbox 687 2675 838 2750; x_wconf 82' lang='lat' dir='ltr'>quatuor3</span> <span class='ocrx_word' id='word_1_203' title='bbox 861 2665 989 2729; x_wconf 87' lang='lat' dir='ltr'>atcrtio</span> <span class='ocrx_word' id='word_1_204' title='bbox 1005 2665 1047 2729; x_wconf 86' lang='lat' dir='ltr'>ad</span> <span class='ocrx_word' id='word_1_205' title='bbox 1062 2674 1210 2752; x_wconf 91' lang='lat' dir='ltr'>quartum</span> 
     </span>
     <span class='ocr_line' id='line_1_28' title="bbox 97 2744 1209 2834; baseline -0.002 -21"><span class='ocrx_word' id='word_1_206' title='bbox 97 2744 211 2813; x_wconf 90' lang='lat' dir='ltr'>itidem</span> <span class='ocrx_word' id='word_1_207' title='bbox 234 2757 383 2833; x_wconf 69' lang='lat' dir='ltr'>quatuor,</span> <span class='ocrx_word' id='word_1_208' title='bbox 420 2761 572 2834; x_wconf 88' lang='lat' dir='ltr'>aquarto</span> <span class='ocrx_word' id='word_1_209' title='bbox 600 2751 642 2813; x_wconf 85' lang='lat' dir='ltr'>ad</span> <span class='ocrx_word' id='word_1_210' title='bbox 668 2750 834 2834; x_wconf 86' lang='lat' dir='ltr'>quintumd</span> <span class='ocrx_word' id='word_1_211' title='bbox 862 2751 939 2834; x_wconf 88' lang='lat' dir='ltr'>quin</span> <span class='ocrx_word' id='word_1_212' title='bbox 963 2772 1016 2832; x_wconf 87' lang='lat' dir='ltr'>ue;</span> <span class='ocrx_word' id='word_1_213' title='bbox 1053 2772 1073 2813; x_wconf 87' lang='lat' dir='ltr'>a</span> <span class='ocrx_word' id='word_1_214' title='bbox 1092 2749 1209 2834; x_wconf 49' lang='lat' dir='ltr'>¹quinto</span> 
     </span>
     <span class='ocr_line' id='line_1_29' title="bbox 97 2771 1210 2919; baseline -0.001 -23"><span class='ocrx_word' id='word_1_215' title='bbox 97 2855 204 2918; x_wconf 88' lang='lat' dir='ltr'>usque</span> <span class='ocrx_word' id='word_1_216' title='bbox 226 2833 267 2896; x_wconf 85' lang='lat' dir='ltr'>ad</span> <span class='ocrx_word' id='word_1_217' title='bbox 288 2832 399 2917; x_wconf 91' lang='lat' dir='ltr'>polum</span> <span class='ocrx_word' id='word_1_218' title='bbox 420 2855 487 2897; x_wconf 83' lang='lat' dir='ltr'>sex.</span> <span class='ocrx_word' id='word_1_219' title='bbox 530 2835 591 2897; x_wconf 91' lang='lat' dir='ltr'>Per</span> <span class='ocrx_word' id='word_1_220' title='bbox 620 2833 677 2897; x_wconf 91' lang='lat' dir='ltr'>hos</span> <span class='ocrx_word' id='word_1_221' title='bbox 704 2855 831 2919; x_wconf 90' lang='lat' dir='ltr'>quoquc</span> <span class='ocrx_word' id='word_1_222' title='bbox 859 2771 994 2896; x_wconf 75' lang='lat' dir='ltr'>circulos</span> <span class='ocrx_word' id='word_1_223' title='bbox 1016 2855 1089 2898; x_wconf 87' lang='lat' dir='ltr'>eum</span> <span class='ocrx_word' id='word_1_224' title='bbox 1112 2834 1210 2895; x_wconf 90' lang='lat' dir='ltr'>circu-</span> 
     </span>
     <span class='ocr_line' id='line_1_30' title="bbox 96 2915 1210 3002; baseline -0.002 -22"><span class='ocrx_word' id='word_1_225' title='bbox 96 2915 167 2980; x_wconf 91' lang='lat' dir='ltr'>lum</span> <span class='ocrx_word' id='word_1_226' title='bbox 195 2915 379 3002; x_wconf 87' lang='lat' dir='ltr'>obliquavit,</span> <span class='ocrx_word' id='word_1_227' title='bbox 433 2917 467 2979; x_wconf 92' lang='lat' dir='ltr'>ui</span> <span class='ocrx_word' id='word_1_228' title='bbox 495 2938 515 2979; x_wconf 90' lang='lat' dir='ltr'>a</span> <span class='ocrx_word' id='word_1_229' title='bbox 544 2919 657 2980; x_wconf 79' lang='lat' dir='ltr'>Grecis</span> <span class='ocrx_word' id='word_1_230' title='bbox 684 2915 798 2980; x_wconf 79' lang='lat' dir='ltr'>loxos²</span> <span class='ocrx_word' id='word_1_231' title='bbox 827 2915 898 2980; x_wconf 81' lang='lat' dir='ltr'>vele</span> <span class='ocrx_word' id='word_1_232' title='bbox 927 2929 1019 2999; x_wconf 68' lang='lat' dir='ltr'>zoe0,</span> <span class='ocrx_word' id='word_1_233' title='bbox 1046 2939 1066 2980; x_wconf 92' lang='lat' dir='ltr'>a</span> <span class='ocrx_word' id='word_1_234' title='bbox 1086 2915 1210 2980; x_wconf 88' lang='lat' dir='ltr'>Latinis</span> 
     </span>
     <span class='ocr_line' id='line_1_31' title="bbox 97 2999 1213 3084; baseline -0.003 -19"><span class='ocrx_word' id='word_1_235' title='bbox 97 2999 248 3084; x_wconf 91' lang='lat' dir='ltr'>obliquus</span> <span class='ocrx_word' id='word_1_236' title='bbox 276 2999 329 3063; x_wconf 87' lang='lat' dir='ltr'>vel</span> <span class='ocrx_word' id='word_1_237' title='bbox 356 3001 420 3063; x_wconf 91' lang='lat' dir='ltr'>vita</span> <span class='ocrx_word' id='word_1_238' title='bbox 435 3002 460 3062; x_wconf 83' lang='lat' dir='ltr'>‘s</span> <span class='ocrx_word' id='word_1_239' title='bbox 490 2999 613 3082; x_wconf 90' lang='lat' dir='ltr'>dicitur,</span> <span class='ocrx_word' id='word_1_240' title='bbox 644 3022 681 3064; x_wconf 90' lang='lat' dir='ltr'>eo</span> <span class='ocrx_word' id='word_1_241' title='bbox 732 3001 797 3063; x_wconf 93' lang='lat' dir='ltr'>uod</span> <span class='ocrx_word' id='word_1_242' title='bbox 823 3001 1009 3064; x_wconf 89' lang='lat' dir='ltr'>animalium</span> <span class='ocrx_word' id='word_1_243' title='bbox 1037 2999 1156 3084; x_wconf 84' lang='lat' dir='ltr'>figuras</span> <span class='ocrx_word' id='word_1_244' title='bbox 1178 3001 1213 3062; x_wconf 91' lang='lat' dir='ltr'>in</span> 
     </span>
     <span class='ocr_line' id='line_1_32' title="bbox 97 3080 1212 3168; baseline -0.001 -20"><span class='ocrx_word' id='word_1_245' title='bbox 97 3080 198 3148; x_wconf 89' lang='lat' dir='ltr'>stellis</span> <span class='ocrx_word' id='word_1_246' title='bbox 231 3084 399 3147; x_wconf 88' lang='lat' dir='ltr'>contineat.</span> <span class='ocrx_word' id='word_1_247' title='bbox 452 3083 540 3146; x_wconf 90' lang='lat' dir='ltr'>Intra</span> <span class='ocrx_word' id='word_1_248' title='bbox 568 3083 652 3146; x_wconf 91' lang='lat' dir='ltr'>huno</span> <span class='ocrx_word' id='word_1_249' title='bbox 685 3083 725 3146; x_wconf 93' lang='lat' dir='ltr'>ob</span> <span class='ocrx_word' id='word_1_250' title='bbox 740 3085 850 3168; x_wconf 85' lang='lat' dir='ltr'>‘quum</span> <span class='ocrx_word' id='word_1_251' title='bbox 879 3085 1051 3146; x_wconf 88' lang='lat' dir='ltr'>errantium</span> <span class='ocrx_word' id='word_1_252' title='bbox 1079 3081 1212 3147; x_wconf 88' lang='lat' dir='ltr'>circulos</span> 
     </span>
     <span class='ocr_line' id='line_1_33' title="bbox 97 3164 1212 3252; baseline -0.002 -22"><span class='ocrx_word' id='word_1_253' title='bbox 97 3167 182 3231; x_wconf 92' lang='lat' dir='ltr'>miro</span> <span class='ocrx_word' id='word_1_254' title='bbox 204 3167 337 3230; x_wconf 90' lang='lat' dir='ltr'>artificio</span> <span class='ocrx_word' id='word_1_255' title='bbox 360 3166 534 3252; x_wconf 88' lang='lat' dir='ltr'>suspendit.</span> <span class='ocrx_word' id='word_1_256' title='bbox 585 3167 729 3246; x_wconf 73' lang='lat' dir='ltr'>Quorum</span> <span class='ocrx_word' id='word_1_257' title='bbox 758 3166 888 3229; x_wconf 86' lang='lat' dir='ltr'>absidas</span> <span class='ocrx_word' id='word_1_258' title='bbox 917 3176 948 3230; x_wconf 90' lang='lat' dir='ltr'>et</span> <span class='ocrx_word' id='word_1_259' title='bbox 968 3164 1159 3248; x_wconf 89' lang='lat' dir='ltr'>altitudines,</span> <span class='ocrx_word' id='word_1_260' title='bbox 1173 3187 1212 3228; x_wconf 70' lang='lat' dir='ltr'>.a</span> 
     </span>
     <span class='ocr_line' id='line_1_34' title="bbox 98 3248 1212 3328; baseline -0.003 -13"><span class='ocrx_word' id='word_1_261' title='bbox 98 3273 170 3316; x_wconf 87' lang='lat' dir='ltr'>sese</span> <span class='ocrx_word' id='word_1_262' title='bbox 192 3252 288 3314; x_wconf 90' lang='lat' dir='ltr'>ctiam</span> <span class='ocrx_word' id='word_1_263' title='bbox 310 3249 475 3314; x_wconf 89' lang='lat' dir='ltr'>distantias</span> <span class='ocrx_word' id='word_1_264' title='bbox 498 3248 715 3313; x_wconf 89' lang='lat' dir='ltr'>efficacissime</span> <span class='ocrx_word' id='word_1_265' title='bbox 745 3250 810 3311; x_wconf 88' lang='lat' dir='ltr'>suis</span> <span class='ocrx_word' id='word_1_266' title='bbox 833 3248 1071 3312; x_wconf 87' lang='lat' dir='ltr'>demonstravit.</span> <span class='ocrx_word' id='word_1_267' title='bbox 1116 3248 1212 3328; x_wconf 74' lang='lat' dir='ltr'>Quod</span> 
     </span>
     <span class='ocr_line' id='line_1_35' title="bbox 122 3331 1211 3418; baseline -0.004 -21"><span class='ocrx_word' id='word_1_268' title='bbox 122 3333 372 3399; x_wconf 90' lang='lat' dir='ltr'>uemadmodum</span> <span class='ocrx_word' id='word_1_269' title='bbox 392 3334 496 3414; x_wconf 81' lang='lat' dir='ltr'>fucrit,</span> <span class='ocrx_word' id='word_1_270' title='bbox 527 3333 567 3398; x_wconf 91' lang='lat' dir='ltr'>ob</span> <span class='ocrx_word' id='word_1_271' title='bbox 595 3331 831 3418; x_wconf 78' lang='lat' dir='ltr'>prolixitatcm⁰</span> <span class='ocrx_word' id='word_1_272' title='bbox 859 3331 911 3394; x_wconf 91' lang='lat' dir='ltr'>hic</span> <span class='ocrx_word' id='word_1_273' title='bbox 932 3353 1050 3415; x_wconf 90' lang='lat' dir='ltr'>ponere</span> <span class='ocrx_word' id='word_1_274' title='bbox 1072 3352 1211 3394; x_wconf 89' lang='lat' dir='ltr'>commo-</span> 
     </span>
     <span class='ocr_line' id='line_1_36' title="bbox 98 3356 1121 3502; baseline -0.006 -20"><span class='ocrx_word' id='word_1_275' title='bbox 98 3356 178 3482; x_wconf 73' lang='lat' dir='ltr'>dum</span> <span class='ocrx_word' id='word_1_276' title='bbox 192 3439 257 3482; x_wconf 91' lang='lat' dir='ltr'>non</span> <span class='ocrx_word' id='word_1_277' title='bbox 278 3427 334 3500; x_wconf 88' lang='lat' dir='ltr'>est,</span> <span class='ocrx_word' id='word_1_278' title='bbox 356 3440 396 3482; x_wconf 90' lang='lat' dir='ltr'>ne</span> <span class='ocrx_word' id='word_1_279' title='bbox 417 3417 513 3481; x_wconf 92' lang='lat' dir='ltr'>nimis</span> <span class='ocrx_word' id='word_1_280' title='bbox 534 3438 553 3479; x_wconf 94' lang='lat' dir='ltr'>a</span> <span class='ocrx_word' id='word_1_281' title='bbox 574 3417 736 3502; x_wconf 92' lang='lat' dir='ltr'>proposito</span> <span class='ocrx_word' id='word_1_282' title='bbox 759 3414 923 3478; x_wconf 85' lang='lat' dir='ltr'>discedere</span> <span class='ocrx_word' id='word_1_283' title='bbox 944 3413 1121 3477; x_wconf 87' lang='lat' dir='ltr'>videamur.</span> 
     </span>
    </p>
   </div>
   <div class='ocr_carea' id='block_1_7' title="bbox 96 3532 1211 3622">
    <p class='ocr_par' dir='ltr' id='par_1_7' title="bbox 96 3532 1211 3622">
     <span class='ocr_line' id='line_1_37' title="bbox 96 3532 1211 3622; baseline -0.006 -19"><span class='ocrx_word' id='word_1_284' title='bbox 96 3539 151 3604; x_wconf 74' lang='lat'>53.</span> <span class='ocrx_word' id='word_1_285' title='bbox 185 3535 296 3601; x_wconf 73' lang='lat' dir='ltr'>Aliaef</span> <span class='ocrx_word' id='word_1_286' title='bbox 323 3559 433 3622; x_wconf 87' lang='lat' dir='ltr'>sperae</span> <span class='ocrx_word' id='word_1_287' title='bbox 456 3536 663 3622; x_wconf 78' lang='lat' dir='ltr'>compositiof</span> <span class='ocrx_word' id='word_1_288' title='bbox 682 3536 781 3620; x_wconf 83' lang='lat' dir='ltr'>signis</span> <span class='ocrx_word' id='word_1_289' title='bbox 803 3533 1052 3620; x_wconf 72' lang='lat' dir='ltr'>cognoscendiss</span> <span class='ocrx_word' id='word_1_290' title='bbox 1070 3532 1211 3596; x_wconf 70' lang='lat' dir='ltr'>idoneas.</span> 
     </span>
    </p>
   </div>
   <div class='ocr_carea' id='block_1_8' title="bbox 97 3635 1211 3807">
    <p class='ocr_par' dir='ltr' id='par_1_8' title="bbox 97 3635 1211 3807">
     <span class='ocr_line' id='line_1_38' title="bbox 184 3635 1211 3724; baseline -0.004 -22"><span class='ocrx_word' id='word_1_291' title='bbox 184 3638 276 3702; x_wconf 87' lang='lat' dir='ltr'>Fecit</span> <span class='ocrx_word' id='word_1_292' title='bbox 295 3648 400 3722; x_wconf 87' lang='lat' dir='ltr'>preter</span> <span class='ocrx_word' id='word_1_293' title='bbox 420 3638 500 3702; x_wconf 89' lang='lat' dir='ltr'>haec</span> <span class='ocrx_word' id='word_1_294' title='bbox 511 3659 637 3724; x_wconf 87' lang='lat' dir='ltr'>speram</span> <span class='ocrx_word' id='word_1_295' title='bbox 658 3637 789 3702; x_wconf 90' lang='lat' dir='ltr'>alteram</span> <span class='ocrx_word' id='word_1_296' title='bbox 804 3635 1000 3717; x_wconf 90' lang='lat' dir='ltr'>circularem,</span> <span class='ocrx_word' id='word_1_297' title='bbox 1014 3635 1097 3698; x_wconf 89' lang='lat' dir='ltr'>intra</span> <span class='ocrx_word' id='word_1_298' title='bbox 1116 3655 1211 3720; x_wconf 91' lang='lat' dir='ltr'>quam</span> 
     </span>
     <span class='ocr_line' id='line_1_39' title="bbox 97 3719 1211 3807; baseline -0.004 -21"><span class='ocrx_word' id='word_1_299' title='bbox 97 3721 236 3786; x_wconf 90' lang='lat' dir='ltr'>circulos</span> <span class='ocrx_word' id='word_1_300' title='bbox 265 3722 394 3806; x_wconf 88' lang='lat' dir='ltr'>quidem</span> <span class='ocrx_word' id='word_1_301' title='bbox 422 3744 488 3786; x_wconf 92' lang='lat' dir='ltr'>non</span> <span class='ocrx_word' id='word_1_302' title='bbox 516 3721 696 3799; x_wconf 86' lang='lat' dir='ltr'>collocavit,</span> <span class='ocrx_word' id='word_1_303' title='bbox 726 3722 783 3786; x_wconf 89' lang='lat' dir='ltr'>sed</span> <span class='ocrx_word' id='word_1_304' title='bbox 812 3721 949 3807; x_wconf 86' lang='lat' dir='ltr'>desuper</span> <span class='ocrx_word' id='word_1_305' title='bbox 977 3719 1086 3784; x_wconf 89' lang='lat' dir='ltr'>ferreis</span> <span class='ocrx_word' id='word_1_306' title='bbox 1114 3728 1211 3804; x_wconf 91' lang='lat' dir='ltr'>atque</span> 
     </span>
    </p>
   </div>
   <div class='ocr_carea' id='block_1_9' title="bbox 168 3881 1211 4097">
    <p class='ocr_par' dir='ltr' id='par_1_9' title="bbox 168 3881 1211 4097">
     <span class='ocr_line' id='line_1_40' title="bbox 175 3881 1211 3949; baseline -0.002 -15"><span class='ocrx_word' id='word_1_307' title='bbox 175 3881 198 3949; x_wconf 75' lang='lat' dir='ltr'>*l</span> <span class='ocrx_word' id='word_1_308' title='bbox 219 3883 273 3934; x_wconf 82' lang='lat' dir='ltr'>Sed</span> <span class='ocrx_word' id='word_1_309' title='bbox 292 3884 343 3933; x_wconf 87' lang='lat' dir='ltr'>hoc</span> <span class='ocrx_word' id='word_1_310' title='bbox 362 3883 397 3932; x_wconf 89' lang='lat' dir='ltr'>ad</span> <span class='ocrx_word' id='word_1_311' title='bbox 417 3883 530 3934; x_wconf 88' lang='lat' dir='ltr'>circulos</span> <span class='ocrx_word' id='word_1_312' title='bbox 546 3884 755 3936; x_wconf 84' lang='lat' dir='ltr'>intellectibiles.</span> <span class='ocrx_word' id='word_1_313' title='bbox 792 3885 896 3947; x_wconf 81' lang='lat' dir='ltr'>Quanto</span> <span class='ocrx_word' id='word_1_314' title='bbox 917 3885 997 3934; x_wconf 85' lang='lat' dir='ltr'>eliam</span> <span class='ocrx_word' id='word_1_315' title='bbox 1016 3883 1105 3934; x_wconf 89' lang='lat' dir='ltr'>studio</span> <span class='ocrx_word' id='word_1_316' title='bbox 1123 3897 1211 3933; x_wconf 86' lang='lat' dir='ltr'>erran·</span> 
     </span>
     <span class='ocr_line' id='line_1_41' title="bbox 220 3955 1170 4023; baseline 0.002 -17"><span class='ocrx_word' id='word_1_317' title='bbox 220 3958 286 4006; x_wconf 91' lang='lat' dir='ltr'>tium</span> <span class='ocrx_word' id='word_1_318' title='bbox 306 3955 423 4008; x_wconf 86' lang='lat' dir='ltr'>siderum</span> <span class='ocrx_word' id='word_1_319' title='bbox 443 3957 557 4007; x_wconf 89' lang='lat' dir='ltr'>circulos</span> <span class='ocrx_word' id='word_1_320' title='bbox 577 3960 719 4023; x_wconf 89' lang='lat' dir='ltr'>aperuerit,</span> <span class='ocrx_word' id='word_1_321' title='bbox 739 3957 829 4008; x_wconf 86' lang='lat' dir='ltr'>dicero</span> <span class='ocrx_word' id='word_1_322' title='bbox 848 3973 900 4007; x_wconf 92' lang='lat' dir='ltr'>non</span> <span class='ocrx_word' id='word_1_323' title='bbox 920 3957 1032 4022; x_wconf 85' lang='lat' dir='ltr'>pigebit.</span> <span class='ocrx_word' id='word_1_324' title='bbox 1072 3957 1124 4018; x_wconf 77' lang='lat' dir='ltr'>Qui</span> <span class='ocrx_word' id='word_1_325' title='bbox 1145 3957 1170 4008; x_wconf 89' lang='lat'>1.</span> 
     </span>
     <span class='ocr_line' id='line_1_42' title="bbox 168 4027 1114 4097; baseline 0 -17"><span class='ocrx_word' id='word_1_326' title='bbox 168 4027 203 4095; x_wconf 82' lang='lat'>**)</span> <span class='ocrx_word' id='word_1_327' title='bbox 224 4031 269 4095; x_wconf 85' lang='lat' dir='ltr'>qui</span> <span class='ocrx_word' id='word_1_328' title='bbox 288 4046 305 4080; x_wconf 90' lang='lat' dir='ltr'>a</span> <span class='ocrx_word' id='word_1_329' title='bbox 324 4029 417 4080; x_wconf 79' lang='lat' dir='ltr'>Grecis</span> <span class='ocrx_word' id='word_1_330' title='bbox 436 4029 567 4095; x_wconf 85' lang='lat' dir='ltr'>paralleli,</span> <span class='ocrx_word' id='word_1_331' title='bbox 587 4046 604 4079; x_wconf 89' lang='lat' dir='ltr'>a</span> <span class='ocrx_word' id='word_1_332' title='bbox 622 4032 725 4081; x_wconf 84' lang='lat' dir='ltr'>Latinis</span> <span class='ocrx_word' id='word_1_333' title='bbox 745 4032 925 4097; x_wconf 86' lang='lat' dir='ltr'>aequistantes</span> <span class='ocrx_word' id='word_1_334' title='bbox 946 4029 1070 4080; x_wconf 83' lang='lat' dir='ltr'>dicuntur</span> <span class='ocrx_word' id='word_1_335' title='bbox 1091 4031 1114 4080; x_wconf 90' lang='lat'>1.</span> 
     </span>
    </p>
   </div>
   <div class='ocr_carea' id='block_1_10' title="bbox 97 4152 1211 4268">
    <p class='ocr_par' dir='ltr' id='par_1_10' title="bbox 97 4152 1211 4268">
     <span class='ocr_line' id='line_1_43' title="bbox 161 4152 1211 4208; baseline -0.001 -14"><span class='ocrx_word' id='word_1_336' title='bbox 161 4153 184 4208; x_wconf 82' lang='lat' dir='ltr'>a)</span> <span class='ocrx_word' id='word_1_337' title='bbox 206 4167 229 4206; x_wconf 84' lang='lat' dir='ltr'>p.</span> <span class='ocrx_word' id='word_1_338' title='bbox 246 4167 338 4196; x_wconf 88' lang='lat' dir='ltr'>mensus</span> <span class='ocrx_word' id='word_1_339' title='bbox 356 4158 376 4196; x_wconf 85' lang='lat'>1.</span> <span class='ocrx_word' id='word_1_340' title='bbox 450 4153 474 4207; x_wconf 83' lang='lat' dir='ltr'>b)</span> <span class='ocrx_word' id='word_1_341' title='bbox 499 4157 565 4196; x_wconf 85' lang='lat' dir='ltr'>articl</span> <span class='ocrx_word' id='word_1_342' title='bbox 580 4168 637 4199; x_wconf 80' lang='lat' dir='ltr'>corr.</span> <span class='ocrx_word' id='word_1_343' title='bbox 655 4159 741 4197; x_wconf 82' lang='lat' dir='ltr'>arctici.</span> <span class='ocrx_word' id='word_1_344' title='bbox 817 4155 837 4208; x_wconf 84' lang='lat' dir='ltr'>c)</span> <span class='ocrx_word' id='word_1_345' title='bbox 860 4167 898 4207; x_wconf 90' lang='lat' dir='ltr'>no,</span> <span class='ocrx_word' id='word_1_346' title='bbox 914 4157 944 4195; x_wconf 88' lang='lat' dir='ltr'>tis</span> <span class='ocrx_word' id='word_1_347' title='bbox 959 4156 1016 4198; x_wconf 70' lang='lat' dir='ltr'>abac.</span> <span class='ocrx_word' id='word_1_348' title='bbox 1091 4152 1115 4206; x_wconf 74' lang='lat' dir='ltr'>d)</span> <span class='ocrx_word' id='word_1_349' title='bbox 1132 4155 1211 4203; x_wconf 85' lang='lat' dir='ltr'>qulnto</span> 
     </span>
     <span class='ocr_line' id='line_1_44' title="bbox 97 4213 919 4268; baseline 0 -12"><span class='ocrx_word' id='word_1_350' title='bbox 97 4214 211 4256; x_wconf 84' lang='lat' dir='ltr'>similiter</span> <span class='ocrx_word' id='word_1_351' title='bbox 227 4216 247 4254; x_wconf 88' lang='lat' dir='ltr'>l.</span> <span class='ocrx_word' id='word_1_352' title='bbox 307 4213 328 4266; x_wconf 89' lang='lat' dir='ltr'>e)</span> <span class='ocrx_word' id='word_1_353' title='bbox 342 4218 393 4264; x_wconf 74' lang='lat' dir='ltr'>post</span> <span class='ocrx_word' id='word_1_354' title='bbox 409 4214 458 4253; x_wconf 81' lang='lat' dir='ltr'>add.</span> <span class='ocrx_word' id='word_1_355' title='bbox 518 4213 614 4268; x_wconf 75' lang='lat' dir='ltr'>OAlia,</span> <span class='ocrx_word' id='word_1_356' title='bbox 632 4227 705 4268; x_wconf 89' lang='lat' dir='ltr'>comp,</span> <span class='ocrx_word' id='word_1_357' title='bbox 723 4226 789 4267; x_wconf 75' lang='lat' dir='ltr'>cogn,</span> <span class='ocrx_word' id='word_1_358' title='bbox 805 4217 843 4255; x_wconf 86' lang='lat' dir='ltr'>ido</span> <span class='ocrx_word' id='word_1_359' title='bbox 860 4216 919 4256; x_wconf 77' lang='lat' dir='ltr'>abac.</span> 
     </span>
    </p>
   </div>
   <div class='ocr_carea' id='block_1_11' title="bbox 179 4321 673 4397">
    <p class='ocr_par' dir='ltr' id='par_1_11' title="bbox 179 4321 673 4397">
     <span class='ocr_line' id='line_1_45' title="bbox 179 4321 673 4397; baseline -0.002 -21"><span class='ocrx_word' id='word_1_360' title='bbox 179 4329 207 4392; x_wconf 82' lang='lat'>1)</span> <span class='ocrx_word' id='word_1_361' title='bbox 225 4321 359 4397; x_wconf 80' lang='grc' dir='ltr'><strong>κόλουροι.</strong></span> <span class='ocrx_word' id='word_1_362' title='bbox 455 4323 484 4393; x_wconf 74' lang='lat'>2)</span> <span class='ocrx_word' id='word_1_363' title='bbox 503 4321 590 4390; x_wconf 81' lang='grc' dir='ltr'><strong>λόξος,</strong></span> <span class='ocrx_word' id='word_1_364' title='bbox 609 4322 673 4396; x_wconf 75' lang='grc' dir='ltr'><strong>ζωή.</strong></span> 
     </span>
    </p>
   </div>
   <div class='ocr_carea' id='block_1_12' title="bbox 0 0 1417 4824">
    <p class='ocr_par' dir='ltr' id='par_1_12' title="bbox 0 0 1417 4824">
     <span class='ocr_line' id='line_1_46' title="bbox 0 0 1417 4824; baseline 0 0"><span class='ocrx_word' id='word_1_365' title='bbox 0 0 1417 4824; x_wconf 95' lang='lat' dir='ltr'> </span> 
     </span>
    </p>
   </div>
  </div>
 </body>
</html>
