<?xml version="1.0" encoding="UTF-8"?>
<!DOCTYPE html PUBLIC "-//W3C//DTD XHTML 1.0 Transitional//EN"
    "http://www.w3.org/TR/xhtml1/DTD/xhtml1-transitional.dtd">
<html xmlns="http://www.w3.org/1999/xhtml" xml:lang="en" lang="en">
 <head>
  <title>
</title>
<meta http-equiv="Content-Type" content="text/html;charset=utf-8" />
  <meta name='ocr-system' content='tesseract 3.04.00' />
  <meta name='ocr-capabilities' content='ocr_page ocr_carea ocr_par ocr_line ocrx_word'/>
</head>
<body>
  <div class='ocr_page' id='page_1' title='image "./richerihistoria01richgoog_0017.png"; bbox 0 0 2820 4824; ppageno 0'>
   <div class='ocr_carea' id='block_1_1' title="bbox 163 362 1037 415">
    <p class='ocr_par' dir='ltr' id='par_1_1' title="bbox 163 362 1037 415">
     <span class='ocr_line' id='line_1_1' title="bbox 163 362 1037 415; baseline 0 -1"><span class='ocrx_word' id='word_1_1' title='bbox 163 364 218 414; x_wconf 86' lang='lat' dir='ltr'><em>XII</em></span> <span class='ocrx_word' id='word_1_2' title='bbox 408 362 562 414; x_wconf 81' lang='lat' dir='ltr'>RICHERI</span> <span class='ocrx_word' id='word_1_3' title='bbox 581 362 831 414; x_wconf 77' lang='lat' dir='ltr'>HISTORIARUM</span> <span class='ocrx_word' id='word_1_4' title='bbox 850 363 952 414; x_wconf 85' lang='lat' dir='ltr'>LIBRI</span> <span class='ocrx_word' id='word_1_5' title='bbox 970 364 1037 415; x_wconf 89' lang='lat' dir='ltr'>IIII.</span> 
     </span>
    </p>
   </div>
   <div class='ocr_carea' id='block_1_2' title="bbox 123 530 1285 1120">
    <p class='ocr_par' dir='ltr' id='par_1_2' title="bbox 123 530 1285 851">
     <span class='ocr_line' id='line_1_2' title="bbox 165 530 1285 616; baseline 0.004 -22"><span class='ocrx_word' id='word_1_6' title='bbox 165 541 317 609; x_wconf 88' lang='lat' dir='ltr'><em>mutasse,</em></span> <span class='ocrx_word' id='word_1_7' title='bbox 339 533 390 593; x_wconf 89' lang='lat' dir='ltr'><em>ita</em></span> <span class='ocrx_word' id='word_1_8' title='bbox 411 539 448 592; x_wconf 91' lang='lat' dir='ltr'><em>ut</em></span> <span class='ocrx_word' id='word_1_9' title='bbox 468 530 639 610; x_wconf 85' lang='lat' dir='ltr'><em>uocabulo,</em></span> <span class='ocrx_word' id='word_1_10' title='bbox 663 532 848 609; x_wconf 90' lang='lat' dir='ltr'><em>sententias,</em></span> <span class='ocrx_word' id='word_1_11' title='bbox 871 531 967 593; x_wconf 89' lang='lat' dir='ltr'><em>immo</em></span> <span class='ocrx_word' id='word_1_12' title='bbox 989 539 1017 593; x_wconf 92' lang='lat' dir='ltr'><em>et</em></span> <span class='ocrx_word' id='word_1_13' title='bbox 1033 535 1192 616; x_wconf 79' lang='lat' dir='ltr'><em>popinas</em></span> <span class='ocrx_word' id='word_1_14' title='bbox 1215 557 1285 599; x_wconf 90' lang='lat' dir='ltr'><em>ero-</em></span> 
     </span>
     <span class='ocr_line' id='line_1_3' title="bbox 166 612 1284 697; baseline 0.004 -20"><span class='ocrx_word' id='word_1_15' title='bbox 166 616 253 677; x_wconf 80' lang='lat' dir='ltr'><em>deret</em></span> <span class='ocrx_word' id='word_1_16' title='bbox 280 616 388 696; x_wconf 90' lang='lat' dir='ltr'><em>eisque</em></span> <span class='ocrx_word' id='word_1_17' title='bbox 419 614 489 677; x_wconf 90' lang='lat' dir='ltr'><em>alia</em></span> <span class='ocrx_word' id='word_1_18' title='bbox 511 613 723 678; x_wconf 75' lang='lat' dir='ltr'><strong><em>substitueret.</em></strong></span> <span class='ocrx_word' id='word_1_19' title='bbox 770 612 865 686; x_wconf 85' lang='lat' dir='ltr'><em>Quod</em></span> <span class='ocrx_word' id='word_1_20' title='bbox 889 616 1070 697; x_wconf 78' lang='lat' dir='ltr'><em>praecipue</em></span> <span class='ocrx_word' id='word_1_21' title='bbox 1097 614 1206 680; x_wconf 93' lang='lat' dir='ltr'><em>locum</em></span> <span class='ocrx_word' id='word_1_22' title='bbox 1229 619 1284 682; x_wconf 86' lang='lat' dir='ltr'><em>ba-</em></span> 
     </span>
     <span class='ocr_line' id='line_1_4' title="bbox 165 697 1283 782; baseline 0.004 -21"><span class='ocrx_word' id='word_1_23' title='bbox 165 699 234 762; x_wconf 92' lang='lat' dir='ltr'><em>buit</em></span> <span class='ocrx_word' id='word_1_24' title='bbox 255 698 291 761; x_wconf 91' lang='lat' dir='ltr'><em>in</em></span> <span class='ocrx_word' id='word_1_25' title='bbox 315 699 527 782; x_wconf 78' lang='lat' dir='ltr'><em>quaternione</em></span> <span class='ocrx_word' id='word_1_26' title='bbox 545 699 665 781; x_wconf 87' lang='lat' dir='ltr'><em>primo,</em></span> <span class='ocrx_word' id='word_1_27' title='bbox 688 698 783 780; x_wconf 79' lang='lat' dir='ltr'><em>cujus</em></span> <span class='ocrx_word' id='word_1_28' title='bbox 805 699 979 760; x_wconf 75' lang='lat' dir='ltr'><em>atramenti</em></span> <span class='ocrx_word' id='word_1_29' title='bbox 996 697 1108 780; x_wconf 89' lang='lat' dir='ltr'><em>pallor</em></span> <span class='ocrx_word' id='word_1_30' title='bbox 1129 701 1172 763; x_wconf 92' lang='lat' dir='ltr'><em>ab</em></span> <span class='ocrx_word' id='word_1_31' title='bbox 1193 711 1283 765; x_wconf 91' lang='lat' dir='ltr'><em>atra·</em></span> 
     </span>
     <span class='ocr_line' id='line_1_5' title="bbox 123 782 1284 851; baseline 0.006 -7"><span class='ocrx_word' id='word_1_32' title='bbox 123 796 128 805; x_wconf 85' lang='lat'>&#39;</span> <span class='ocrx_word' id='word_1_33' title='bbox 165 791 268 846; x_wconf 93' lang='lat' dir='ltr'><em>mento</em></span> <span class='ocrx_word' id='word_1_34' title='bbox 299 783 337 844; x_wconf 90' lang='lat' dir='ltr'><em>ni</em></span> <span class='ocrx_word' id='word_1_35' title='bbox 360 782 445 845; x_wconf 88' lang='lat' dir='ltr'><em>riori</em></span> <span class='ocrx_word' id='word_1_36' title='bbox 478 783 623 845; x_wconf 89' lang='lat' dir='ltr'><em>auctoris</em></span> <span class='ocrx_word' id='word_1_37' title='bbox 656 803 673 843; x_wconf 94' lang='lat' dir='ltr'><em>o</em></span> <span class='ocrx_word' id='word_1_38' title='bbox 699 803 738 843; x_wconf 89' lang='lat' dir='ltr'><em>us</em></span> <span class='ocrx_word' id='word_1_39' title='bbox 770 802 866 842; x_wconf 91' lang='lat' dir='ltr'><em>suum</em></span> <span class='ocrx_word' id='word_1_40' title='bbox 897 802 968 843; x_wconf 89' lang='lat' dir='ltr'><em>reco</em></span> <span class='ocrx_word' id='word_1_41' title='bbox 993 785 1155 846; x_wconf 90' lang='lat' dir='ltr'><em>noscentis</em></span> <span class='ocrx_word' id='word_1_42' title='bbox 1188 785 1284 851; x_wconf 89' lang='lat' dir='ltr'><em>ualde</em></span> 
     </span>
    </p>

    <p class='ocr_par' dir='ltr' id='par_1_3' title="bbox 166 803 1282 1120">
     <span class='ocr_line' id='line_1_6' title="bbox 166 803 1282 948; baseline 0.004 -19"><span class='ocrx_word' id='word_1_43' title='bbox 166 866 277 944; x_wconf 89' lang='lat' dir='ltr'><em>distat,</em></span> <span class='ocrx_word' id='word_1_44' title='bbox 292 804 358 948; x_wconf 74' lang='lat' dir='ltr'><em>fol</em></span> <span class='ocrx_word' id='word_1_45' title='bbox 379 864 409 944; x_wconf 79' lang='lat'><em>2,</em></span> <span class='ocrx_word' id='word_1_46' title='bbox 432 862 462 945; x_wconf 84' lang='lat'><em>5,</em></span> <span class='ocrx_word' id='word_1_47' title='bbox 485 866 515 944; x_wconf 83' lang='lat'><em>6,</em></span> <span class='ocrx_word' id='word_1_48' title='bbox 538 865 567 943; x_wconf 85' lang='lat' dir='ltr'><em>l,</em></span> <span class='ocrx_word' id='word_1_49' title='bbox 590 865 620 942; x_wconf 90' lang='grc'><em>8,</em></span> <span class='ocrx_word' id='word_1_50' title='bbox 651 803 707 927; x_wconf 77' lang='lat' dir='ltr'><em>oli</em></span> <span class='ocrx_word' id='word_1_51' title='bbox 728 865 825 927; x_wconf 90' lang='lat' dir='ltr'><em>etiam</em></span> <span class='ocrx_word' id='word_1_52' title='bbox 846 803 1002 927; x_wconf 82' lang='lat' dir='ltr'><em>uocabulo</em></span> <span class='ocrx_word' id='word_1_53' title='bbox 1026 863 1209 948; x_wconf 78' lang='lat' dir='ltr'><em>Gisleberti,</em></span> <span class='ocrx_word' id='word_1_54' title='bbox 1233 893 1282 933; x_wconf 91' lang='lat' dir='ltr'><em>co-</em></span> 
     </span>
     <span class='ocr_line' id='line_1_7' title="bbox 166 946 1282 1029; baseline 0.005 -19"><span class='ocrx_word' id='word_1_55' title='bbox 166 951 254 1013; x_wconf 88' lang='lat' dir='ltr'><em>mitis</em></span> <span class='ocrx_word' id='word_1_56' title='bbox 274 949 335 1012; x_wconf 90' lang='lat' dir='ltr'><em>Bel</em></span> <span class='ocrx_word' id='word_1_57' title='bbox 358 950 413 1029; x_wconf 93' lang='lat' dir='ltr'><em>ici,</em></span> <span class='ocrx_word' id='word_1_58' title='bbox 446 970 561 1012; x_wconf 91' lang='lat' dir='ltr'><em>nomen</em></span> <span class='ocrx_word' id='word_1_59' title='bbox 591 948 752 1028; x_wconf 89' lang='lat' dir='ltr'><em>Heinrioi,</em></span> <span class='ocrx_word' id='word_1_60' title='bbox 779 948 873 1011; x_wconf 89' lang='lat' dir='ltr'><em>ducis</em></span> <span class='ocrx_word' id='word_1_61' title='bbox 894 946 1075 1028; x_wconf 75' lang='lat' dir='ltr'><em>Senoniae,</em></span> <span class='ocrx_word' id='word_1_62' title='bbox 1106 950 1282 1016; x_wconf 75' lang='lat' dir='ltr'><em>substituit.</em></span> 
     </span>
     <span class='ocr_line' id='line_1_8' title="bbox 167 971 1282 1120; baseline 0.004 -26"><span class='ocrx_word' id='word_1_63' title='bbox 167 1033 205 1095; x_wconf 94' lang='lat' dir='ltr'><em>In</em></span> <span class='ocrx_word' id='word_1_64' title='bbox 229 971 370 1096; x_wconf 75' lang='lat' dir='ltr'><em>secundo</em></span> <span class='ocrx_word' id='word_1_65' title='bbox 394 1033 607 1115; x_wconf 80' lang='lat' dir='ltr'><em>quaternione</em></span> <span class='ocrx_word' id='word_1_66' title='bbox 620 1030 686 1116; x_wconf 89' lang='lat' dir='ltr'><em>fol.</em></span> <span class='ocrx_word' id='word_1_67' title='bbox 710 1030 739 1092; x_wconf 84' lang='lat'><em>9.</em></span> <span class='ocrx_word' id='word_1_68' title='bbox 762 1039 791 1092; x_wconf 93' lang='lat' dir='ltr'><em>et</em></span> <span class='ocrx_word' id='word_1_69' title='bbox 813 1031 861 1092; x_wconf 92' lang='grc'><em>10.</em></span> <span class='ocrx_word' id='word_1_70' title='bbox 884 1031 986 1093; x_wconf 92' lang='lat' dir='ltr'><em>multa</em></span> <span class='ocrx_word' id='word_1_71' title='bbox 1007 1034 1202 1115; x_wconf 85' lang='lat' dir='ltr'><em>immutavit,</em></span> <span class='ocrx_word' id='word_1_72' title='bbox 1214 1035 1282 1120; x_wconf 83' lang='lat' dir='ltr'><em>fol.</em></span> 
     </span>
    </p>
   </div>
   <div class='ocr_carea' id='block_1_3' title="bbox 160 1115 1282 1676">
    <p class='ocr_par' dir='ltr' id='par_1_4' title="bbox 160 1115 1282 1676">
     <span class='ocr_line' id='line_1_9' title="bbox 167 1115 1280 1200; baseline 0.004 -22"><span class='ocrx_word' id='word_1_73' title='bbox 167 1116 216 1178; x_wconf 90' lang='grc'><em>10.</em></span> <span class='ocrx_word' id='word_1_74' title='bbox 239 1125 268 1179; x_wconf 93' lang='lat' dir='ltr'><em>et</em></span> <span class='ocrx_word' id='word_1_75' title='bbox 291 1117 340 1178; x_wconf 88' lang='lat'><em>11.</em></span> <span class='ocrx_word' id='word_1_76' title='bbox 363 1115 538 1200; x_wconf 90' lang='lat' dir='ltr'><em>eademque</em></span> <span class='ocrx_word' id='word_1_77' title='bbox 565 1115 749 1198; x_wconf 91' lang='lat' dir='ltr'><em>plurimum</em></span> <span class='ocrx_word' id='word_1_78' title='bbox 781 1123 924 1177; x_wconf 86' lang='lat' dir='ltr'><em>correcto</em></span> <span class='ocrx_word' id='word_1_79' title='bbox 956 1123 985 1177; x_wconf 91' lang='lat' dir='ltr'><em>et</em></span> <span class='ocrx_word' id='word_1_80' title='bbox 1013 1118 1160 1200; x_wconf 80' lang='lat' dir='ltr'><em>niqriori</em></span> <span class='ocrx_word' id='word_1_81' title='bbox 1190 1128 1280 1183; x_wconf 90' lang='lat' dir='ltr'><em>atro·</em></span> 
     </span>
     <span class='ocr_line' id='line_1_10' title="bbox 164 1199 1280 1282; baseline 0.003 -19"><span class='ocrx_word' id='word_1_82' title='bbox 164 1208 266 1263; x_wconf 89' lang='lat' dir='ltr'><em>mento</em></span> <span class='ocrx_word' id='word_1_83' title='bbox 289 1200 414 1282; x_wconf 89' lang='lat' dir='ltr'><em>scripta</em></span> <span class='ocrx_word' id='word_1_84' title='bbox 435 1201 594 1279; x_wconf 89' lang='lat' dir='ltr'><em>inseruit,·</em></span> <span class='ocrx_word' id='word_1_85' title='bbox 630 1200 667 1261; x_wconf 90' lang='lat' dir='ltr'><em>in</em></span> <span class='ocrx_word' id='word_1_86' title='bbox 690 1206 806 1280; x_wconf 90' lang='lat' dir='ltr'><em>quarto</em></span> <span class='ocrx_word' id='word_1_87' title='bbox 828 1200 1040 1280; x_wconf 81' lang='lat' dir='ltr'><em>quaternione</em></span> <span class='ocrx_word' id='word_1_88' title='bbox 1052 1199 1118 1282; x_wconf 84' lang='lat' dir='ltr'><em>fol.</em></span> <span class='ocrx_word' id='word_1_89' title='bbox 1140 1201 1193 1264; x_wconf 83' lang='lat'><em>33.</em></span> <span class='ocrx_word' id='word_1_90' title='bbox 1215 1205 1280 1266; x_wconf 91' lang='lat' dir='ltr'><em>ini·</em></span> 
     </span>
     <span class='ocr_line' id='line_1_11' title="bbox 164 1280 1281 1366; baseline 0.003 -21"><span class='ocrx_word' id='word_1_91' title='bbox 164 1285 245 1347; x_wconf 91' lang='lat' dir='ltr'><em>tium</em></span> <span class='ocrx_word' id='word_1_92' title='bbox 266 1283 427 1347; x_wconf 89' lang='lat' dir='ltr'><em>secundae</em></span> <span class='ocrx_word' id='word_1_93' title='bbox 444 1284 596 1366; x_wconf 77' lang='lat' dir='ltr'><em>popinae</em></span> <span class='ocrx_word' id='word_1_94' title='bbox 617 1283 729 1360; x_wconf 91' lang='lat' dir='ltr'><em>erasit,</em></span> <span class='ocrx_word' id='word_1_95' title='bbox 741 1280 808 1361; x_wconf 86' lang='lat' dir='ltr'><em>fol.</em></span> <span class='ocrx_word' id='word_1_96' title='bbox 829 1281 964 1344; x_wconf 84' lang='lat'><em>34-37.</em></span> <span class='ocrx_word' id='word_1_97' title='bbox 985 1283 1134 1362; x_wconf 90' lang='lat' dir='ltr'><em>inseruit,</em></span> <span class='ocrx_word' id='word_1_98' title='bbox 1146 1283 1215 1366; x_wconf 86' lang='lat' dir='ltr'><em>fol.</em></span> <span class='ocrx_word' id='word_1_99' title='bbox 1230 1285 1281 1350; x_wconf 87' lang='lat'><em>38.</em></span> 
     </span>
     <span class='ocr_line' id='line_1_12' title="bbox 160 1364 1280 1449; baseline 0.002 -19"><span class='ocrx_word' id='word_1_100' title='bbox 160 1389 276 1449; x_wconf 92' lang='lat' dir='ltr'><em>pauca</em></span> <span class='ocrx_word' id='word_1_101' title='bbox 296 1367 489 1429; x_wconf 87' lang='lat' dir='ltr'><em>immutavit.</em></span> <span class='ocrx_word' id='word_1_102' title='bbox 533 1366 573 1426; x_wconf 91' lang='lat' dir='ltr'><em>In</em></span> <span class='ocrx_word' id='word_1_103' title='bbox 600 1374 688 1427; x_wconf 88' lang='lat' dir='ltr'><em>sento</em></span> <span class='ocrx_word' id='word_1_104' title='bbox 716 1364 842 1427; x_wconf 90' lang='lat' dir='ltr'><em>demum</em></span> <span class='ocrx_word' id='word_1_105' title='bbox 872 1368 1084 1448; x_wconf 86' lang='lat' dir='ltr'><em>quaternione</em></span> <span class='ocrx_word' id='word_1_106' title='bbox 1104 1365 1208 1449; x_wconf 88' lang='lat' dir='ltr'><em>foliis</em></span> <span class='ocrx_word' id='word_1_107' title='bbox 1229 1369 1280 1433; x_wconf 84' lang='lat'><em>49.</em></span> 
     </span>
     <span class='ocr_line' id='line_1_13' title="bbox 165 1448 1281 1528; baseline 0.006 -18"><span class='ocrx_word' id='word_1_108' title='bbox 165 1449 215 1511; x_wconf 73' lang='lat'><em>50.</em></span> <span class='ocrx_word' id='word_1_109' title='bbox 228 1459 257 1510; x_wconf 92' lang='lat' dir='ltr'><em>et</em></span> <span class='ocrx_word' id='word_1_110' title='bbox 272 1448 426 1511; x_wconf 77' lang='lat' dir='ltr'><em>schedula</em></span> <span class='ocrx_word' id='word_1_111' title='bbox 441 1448 493 1511; x_wconf 79' lang='lat'><em>51.</em></span> <span class='ocrx_word' id='word_1_112' title='bbox 507 1449 648 1528; x_wconf 90' lang='lat' dir='ltr'><em>insertis,</em></span> <span class='ocrx_word' id='word_1_113' title='bbox 671 1449 896 1511; x_wconf 81' lang='lat' dir='ltr'><em>narrationem</em></span> <span class='ocrx_word' id='word_1_114' title='bbox 911 1448 950 1510; x_wconf 89' lang='lat' dir='ltr'><em>dc</em></span> <span class='ocrx_word' id='word_1_115' title='bbox 964 1449 1080 1513; x_wconf 90' lang='lat' dir='ltr'><em>itinere</em></span> <span class='ocrx_word' id='word_1_116' title='bbox 1095 1472 1154 1514; x_wconf 94' lang='lat' dir='ltr'><em>suo</em></span> <span class='ocrx_word' id='word_1_117' title='bbox 1169 1451 1281 1517; x_wconf 82' lang='lat' dir='ltr'><em>Remis</em></span> 
     </span>
     <span class='ocr_line' id='line_1_14' title="bbox 168 1529 1282 1676; baseline 0.003 -80"><span class='ocrx_word' id='word_1_118' title='bbox 168 1531 344 1596; x_wconf 82' lang='lat' dir='ltr'><em>Cornotum</em></span> <span class='ocrx_word' id='word_1_119' title='bbox 380 1540 409 1594; x_wconf 90' lang='lat' dir='ltr'><em>et</em></span> <span class='ocrx_word' id='word_1_120' title='bbox 444 1529 616 1594; x_wconf 76' lang='lat' dir='ltr'><em>historiam</em></span> <span class='ocrx_word' id='word_1_121' title='bbox 651 1531 771 1676; x_wconf 68' lang='lat' dir='ltr'><em>sqnodi</em></span> <span class='ocrx_word' id='word_1_122' title='bbox 805 1532 841 1593; x_wconf 95' lang='lat' dir='ltr'><em>in</em></span> <span class='ocrx_word' id='word_1_123' title='bbox 877 1535 1073 1596; x_wconf 89' lang='lat' dir='ltr'><em>monasterio</em></span> <span class='ocrx_word' id='word_1_124' title='bbox 1103 1533 1139 1597; x_wconf 83' lang='lat' dir='ltr'><em>S.</em></span> <span class='ocrx_word' id='word_1_125' title='bbox 1163 1534 1282 1600; x_wconf 90' lang='lat' dir='ltr'><em>Bosoli</em></span> 
     </span>
    </p>
   </div>
   <div class='ocr_carea' id='block_1_4' title="bbox 158 1613 1282 3286">
    <p class='ocr_par' dir='ltr' id='par_1_5' title="bbox 159 1613 1282 1949">
     <span class='ocr_line' id='line_1_15' title="bbox 166 1613 1282 1693; baseline 0.005 -17"><span class='ocrx_word' id='word_1_126' title='bbox 166 1615 307 1693; x_wconf 84' lang='lat' dir='ltr'><em>babitus,</em></span> <span class='ocrx_word' id='word_1_127' title='bbox 335 1636 462 1677; x_wconf 92' lang='lat' dir='ltr'><em>necnon</em></span> <span class='ocrx_word' id='word_1_128' title='bbox 491 1613 625 1677; x_wconf 91' lang='lat' dir='ltr'><em>scedula</em></span> <span class='ocrx_word' id='word_1_129' title='bbox 646 1613 666 1676; x_wconf 84' lang='lat'>5</span> <span class='ocrx_word' id='word_1_130' title='bbox 689 1659 697 1675; x_wconf 92' lang='lat'><em>.</em></span> <span class='ocrx_word' id='word_1_131' title='bbox 719 1615 843 1677; x_wconf 89' lang='lat' dir='ltr'><em>inserta</em></span> <span class='ocrx_word' id='word_1_132' title='bbox 871 1636 927 1678; x_wconf 85' lang='lat' dir='ltr'><em>seu</em></span> <span class='ocrx_word' id='word_1_133' title='bbox 955 1615 1062 1679; x_wconf 91' lang='lat' dir='ltr'><em>lineus</em></span> <span class='ocrx_word' id='word_1_134' title='bbox 1088 1621 1282 1682; x_wconf 87' lang='lat' dir='ltr'><em>narrationi</em></span> 
     </span>
     <span class='ocr_line' id='line_1_16' title="bbox 159 1696 1281 1782; baseline 0.004 -22"><span class='ocrx_word' id='word_1_135' title='bbox 159 1719 300 1782; x_wconf 82' lang='lat' dir='ltr'><em>puqnae</em></span> <span class='ocrx_word' id='word_1_136' title='bbox 331 1699 418 1760; x_wconf 91' lang='lat' dir='ltr'><em>inter</em></span> <span class='ocrx_word' id='word_1_137' title='bbox 450 1696 621 1762; x_wconf 80' lang='lat' dir='ltr'><em>Conanum</em></span> <span class='ocrx_word' id='word_1_138' title='bbox 653 1706 682 1761; x_wconf 92' lang='lat' dir='ltr'><em>et</em></span> <span class='ocrx_word' id='word_1_139' title='bbox 708 1696 882 1762; x_wconf 78' lang='lat' dir='ltr'><em>Falconem</em></span> <span class='ocrx_word' id='word_1_140' title='bbox 915 1700 1102 1763; x_wconf 92' lang='lat' dir='ltr'><em>commissae</em></span> <span class='ocrx_word' id='word_1_141' title='bbox 1135 1701 1281 1766; x_wconf 80' lang='lat' dir='ltr'><em>addidit.</em></span> 
     </span>
     <span class='ocr_line' id='line_1_17' title="bbox 174 1779 1282 1868; baseline 0.006 -24"><span class='ocrx_word' id='word_1_142' title='bbox 174 1781 247 1844; x_wconf 90' lang='lat' dir='ltr'><em>Vere</em></span> <span class='ocrx_word' id='word_1_143' title='bbox 261 1781 376 1865; x_wconf 80' lang='lat' dir='ltr'><em>iqitur,</em></span> <span class='ocrx_word' id='word_1_144' title='bbox 391 1783 422 1844; x_wconf 93' lang='lat' dir='ltr'><em>si</em></span> <span class='ocrx_word' id='word_1_145' title='bbox 435 1779 538 1844; x_wconf 90' lang='lat' dir='ltr'><em>ullius</em></span> <span class='ocrx_word' id='word_1_146' title='bbox 552 1803 698 1866; x_wconf 93' lang='lat' dir='ltr'><em>unquam</em></span> <span class='ocrx_word' id='word_1_147' title='bbox 713 1783 868 1861; x_wconf 88' lang='lat' dir='ltr'><em>auctoris,</em></span> <span class='ocrx_word' id='word_1_148' title='bbox 883 1781 1019 1847; x_wconf 83' lang='lat' dir='ltr'><em>Rioberi</em></span> <span class='ocrx_word' id='word_1_149' title='bbox 1035 1786 1282 1868; x_wconf 82' lang='lat' dir='ltr'><em>autoqrapleum</em></span> 
     </span>
     <span class='ocr_line' id='line_1_18' title="bbox 165 1863 699 1949; baseline 0.004 -24"><span class='ocrx_word' id='word_1_150' title='bbox 165 1864 259 1928; x_wconf 91' lang='lat' dir='ltr'><em>nobis</em></span> <span class='ocrx_word' id='word_1_151' title='bbox 280 1863 427 1927; x_wconf 90' lang='lat' dir='ltr'><em>relictum</em></span> <span class='ocrx_word' id='word_1_152' title='bbox 449 1887 523 1945; x_wconf 91' lang='lat' dir='ltr'><em>esse,</em></span> <span class='ocrx_word' id='word_1_153' title='bbox 547 1873 699 1949; x_wconf 87' lang='lat' dir='ltr'><em>apparet.</em></span> 
     </span>
    </p>

    <p class='ocr_par' dir='ltr' id='par_1_6' title="bbox 158 1947 1281 3286">
     <span class='ocr_line' id='line_1_19' title="bbox 249 1947 1281 2036; baseline 0.008 -28"><span class='ocrx_word' id='word_1_154' title='bbox 249 1947 345 2011; x_wconf 88' lang='lat' dir='ltr'><em>Liber</em></span> <span class='ocrx_word' id='word_1_155' title='bbox 357 1950 393 2010; x_wconf 93' lang='lat' dir='ltr'><em>in</em></span> <span class='ocrx_word' id='word_1_156' title='bbox 402 1949 555 2033; x_wconf 80' lang='lat' dir='ltr'><em>paqinae</em></span> <span class='ocrx_word' id='word_1_157' title='bbox 570 1948 631 2012; x_wconf 80' lang='lat'><em>55‘.</em></span> <span class='ocrx_word' id='word_1_158' title='bbox 645 1949 734 2011; x_wconf 90' lang='lat' dir='ltr'><em>lineo</em></span> <span class='ocrx_word' id='word_1_159' title='bbox 750 1957 864 2011; x_wconf 86' lang='lat' dir='ltr'><em>octaua</em></span> <span class='ocrx_word' id='word_1_160' title='bbox 879 1949 1018 2029; x_wconf 89' lang='lat' dir='ltr'><em>desinit,·</em></span> <span class='ocrx_word' id='word_1_161' title='bbox 1041 1949 1138 2013; x_wconf 90' lang='lat' dir='ltr'><em>multo</em></span> <span class='ocrx_word' id='word_1_162' title='bbox 1154 1953 1281 2036; x_wconf 84' lang='lat' dir='ltr'><em>majore</em></span> 
     </span>
     <span class='ocr_line' id='line_1_20' title="bbox 160 2031 1280 2117; baseline 0.003 -24"><span class='ocrx_word' id='word_1_163' title='bbox 160 2033 312 2115; x_wconf 77' lang='lat' dir='ltr'><em>popinae</em></span> <span class='ocrx_word' id='word_1_164' title='bbox 321 2036 423 2114; x_wconf 85' lang='lat' dir='ltr'><em>parte</em></span> <span class='ocrx_word' id='word_1_165' title='bbox 433 2054 503 2094; x_wconf 89' lang='lat' dir='ltr'><em>unu</em></span> <span class='ocrx_word' id='word_1_166' title='bbox 514 2055 586 2095; x_wconf 92' lang='lat' dir='ltr'><em>cum</em></span> <span class='ocrx_word' id='word_1_167' title='bbox 593 2034 726 2117; x_wconf 78' lang='lat' dir='ltr'><em>popina</em></span> <span class='ocrx_word' id='word_1_168' title='bbox 737 2031 788 2095; x_wconf 81' lang='lat'><em>56.</em></span> <span class='ocrx_word' id='word_1_169' title='bbox 800 2054 908 2095; x_wconf 87' lang='lat' dir='ltr'><em>uacua</em></span> <span class='ocrx_word' id='word_1_170' title='bbox 918 2031 1043 2112; x_wconf 89' lang='lat' dir='ltr'><em>relicta,</em></span> <span class='ocrx_word' id='word_1_171' title='bbox 1053 2035 1207 2117; x_wconf 79' lang='lat' dir='ltr'><em>popinae</em></span> <span class='ocrx_word' id='word_1_172' title='bbox 1218 2034 1280 2100; x_wconf 81' lang='lat'><em>56¹.</em></span> 
     </span>
     <span class='ocr_line' id='line_1_21' title="bbox 166 2113 1280 2202; baseline 0.004 -26"><span class='ocrx_word' id='word_1_173' title='bbox 166 2113 237 2176; x_wconf 91' lang='lat' dir='ltr'><em>alia</em></span> <span class='ocrx_word' id='word_1_174' title='bbox 257 2114 359 2198; x_wconf 90' lang='lat' dir='ltr'><em>plane</em></span> <span class='ocrx_word' id='word_1_175' title='bbox 380 2138 482 2178; x_wconf 91' lang='lat' dir='ltr'><em>manu</em></span> <span class='ocrx_word' id='word_1_176' title='bbox 503 2115 628 2179; x_wconf 81' lang='lat' dir='ltr'><em>litterae</em></span> <span class='ocrx_word' id='word_1_177' title='bbox 651 2114 797 2178; x_wconf 76' lang='lat' dir='ltr'><em>Gerberti</em></span> <span class='ocrx_word' id='word_1_178' title='bbox 817 2117 995 2199; x_wconf 76' lang='lat' dir='ltr'><em>inscriptae</em></span> <span class='ocrx_word' id='word_1_179' title='bbox 1017 2126 1113 2197; x_wconf 89' lang='lat' dir='ltr'><em>sunt,·</em></span> <span class='ocrx_word' id='word_1_180' title='bbox 1130 2119 1280 2202; x_wconf 80' lang='lat' dir='ltr'><em>paq.5&#39;l.</em></span> 
     </span>
     <span class='ocr_line' id='line_1_22' title="bbox 164 2199 1280 2283; baseline 0.002 -21"><span class='ocrx_word' id='word_1_181' title='bbox 164 2207 270 2279; x_wconf 87' lang='lat' dir='ltr'><em>uocat,</em></span> <span class='ocrx_word' id='word_1_182' title='bbox 294 2222 344 2282; x_wconf 93' lang='lat' dir='ltr'><em>pa</em></span> <span class='ocrx_word' id='word_1_183' title='bbox 368 2201 429 2263; x_wconf 91' lang='lat' dir='ltr'><em>ina</em></span> <span class='ocrx_word' id='word_1_184' title='bbox 450 2199 511 2262; x_wconf 71' lang='lat'><em>57⁴.</em></span> <span class='ocrx_word' id='word_1_185' title='bbox 533 2199 669 2263; x_wconf 81' lang='lat' dir='ltr'><em>Ricberi</em></span> <span class='ocrx_word' id='word_1_186' title='bbox 694 2201 810 2262; x_wconf 91' lang='lat' dir='ltr'><em>iterum</em></span> <span class='ocrx_word' id='word_1_187' title='bbox 839 2221 944 2262; x_wconf 92' lang='lat' dir='ltr'><em>manu</em></span> <span class='ocrx_word' id='word_1_188' title='bbox 964 2202 1153 2283; x_wconf 88' lang='lat' dir='ltr'><em>praecipua</em></span> <span class='ocrx_word' id='word_1_189' title='bbox 1182 2205 1280 2264; x_wconf 88' lang='lat' dir='ltr'><em>conti·</em></span> 
     </span>
     <span class='ocr_line' id='line_1_23' title="bbox 164 2221 1279 2368; baseline 0.001 -22"><span class='ocrx_word' id='word_1_190' title='bbox 164 2283 322 2346; x_wconf 90' lang='lat' dir='ltr'><em>uuandae</em></span> <span class='ocrx_word' id='word_1_191' title='bbox 343 2221 499 2348; x_wconf 73' lang='lat' dir='ltr'><em>listoriae</em></span> <span class='ocrx_word' id='word_1_192' title='bbox 521 2285 635 2366; x_wconf 87' lang='lat' dir='ltr'><em>capita</em></span> <span class='ocrx_word' id='word_1_193' title='bbox 657 2283 783 2346; x_wconf 86' lang='lat' dir='ltr'><em>diuerso</em></span> <span class='ocrx_word' id='word_1_194' title='bbox 805 2291 945 2366; x_wconf 91' lang='lat' dir='ltr'><em>tempore</em></span> <span class='ocrx_word' id='word_1_195' title='bbox 959 2285 1123 2367; x_wconf 89' lang='lat' dir='ltr'><em>inscripto</em></span> <span class='ocrx_word' id='word_1_196' title='bbox 1134 2287 1279 2368; x_wconf 89' lang='lat' dir='ltr'><em>praebet.</em></span> 
     </span>
     <span class='ocr_line' id='line_1_24' title="bbox 245 2365 1280 2450; baseline -0.001 -18"><span class='ocrx_word' id='word_1_197' title='bbox 245 2366 323 2432; x_wconf 87' lang='lat' dir='ltr'><em>Jam</em></span> <span class='ocrx_word' id='word_1_198' title='bbox 345 2390 384 2430; x_wconf 92' lang='lat' dir='ltr'><em>su</em></span> <span class='ocrx_word' id='word_1_199' title='bbox 410 2376 498 2441; x_wconf 90' lang='lat' dir='ltr'><em>erest,</em></span> <span class='ocrx_word' id='word_1_200' title='bbox 521 2376 557 2429; x_wconf 90' lang='lat' dir='ltr'><em>ut</em></span> <span class='ocrx_word' id='word_1_201' title='bbox 575 2368 614 2430; x_wconf 89' lang='lat' dir='ltr'><em>de</em></span> <span class='ocrx_word' id='word_1_202' title='bbox 633 2367 786 2430; x_wconf 88' lang='lat' dir='ltr'><em>editionis</em></span> <span class='ocrx_word' id='word_1_203' title='bbox 801 2365 937 2429; x_wconf 90' lang='lat' dir='ltr'><em>consilio</em></span> <span class='ocrx_word' id='word_1_204' title='bbox 960 2375 989 2428; x_wconf 91' lang='lat' dir='ltr'><em>et</em></span> <span class='ocrx_word' id='word_1_205' title='bbox 1009 2369 1137 2430; x_wconf 90' lang='lat' dir='ltr'><em>ratione</em></span> <span class='ocrx_word' id='word_1_206' title='bbox 1154 2372 1280 2450; x_wconf 89' lang='lat' dir='ltr'><em>paucis</em></span> 
     </span>
     <span class='ocr_line' id='line_1_25' title="bbox 162 2389 1279 2536; baseline 0.004 -24"><span class='ocrx_word' id='word_1_207' title='bbox 162 2472 318 2514; x_wconf 88' lang='lat' dir='ltr'><em>moneam.</em></span> <span class='ocrx_word' id='word_1_208' title='bbox 368 2389 407 2512; x_wconf 63' lang='lat' dir='ltr'><em>(l⁹</em></span> <span class='ocrx_word' id='word_1_209' title='bbox 421 2473 472 2514; x_wconf 92' lang='lat' dir='ltr'><em>ere</em></span> <span class='ocrx_word' id='word_1_210' title='bbox 500 2460 625 2534; x_wconf 90' lang='lat' dir='ltr'><em>quanta</em></span> <span class='ocrx_word' id='word_1_211' title='bbox 656 2449 829 2534; x_wconf 79' lang='lat' dir='ltr'><em>diliqentio</em></span> <span class='ocrx_word' id='word_1_212' title='bbox 854 2449 934 2531; x_wconf 86' lang='lat' dir='ltr'><em>fieri</em></span> <span class='ocrx_word' id='word_1_213' title='bbox 959 2452 1071 2535; x_wconf 91' lang='lat' dir='ltr'><em>potuit</em></span> <span class='ocrx_word' id='word_1_214' title='bbox 1103 2454 1279 2536; x_wconf 84' lang='lat' dir='ltr'><em>suscripta,</em></span> 
     </span>
     <span class='ocr_line' id='line_1_26' title="bbox 162 2474 1279 2617; baseline 0.005 -23"><span class='ocrx_word' id='word_1_215' title='bbox 162 2542 291 2611; x_wconf 78' lang='lat' dir='ltr'><em>tanturn,</em></span> <span class='ocrx_word' id='word_1_216' title='bbox 319 2474 428 2615; x_wconf 70' lang='lat' dir='ltr'><em>qualib</em></span> <span class='ocrx_word' id='word_1_217' title='bbox 449 2533 583 2596; x_wconf 88' lang='lat' dir='ltr'><em>ultimus</em></span> <span class='ocrx_word' id='word_1_218' title='bbox 606 2534 733 2596; x_wconf 92' lang='lat' dir='ltr'><em>auctori</em></span> <span class='ocrx_word' id='word_1_219' title='bbox 749 2533 890 2615; x_wconf 90' lang='lat' dir='ltr'><em>placuit,</em></span> <span class='ocrx_word' id='word_1_220' title='bbox 913 2534 1160 2616; x_wconf 78' lang='lat' dir='ltr'><em>suprimendum</em></span> <span class='ocrx_word' id='word_1_221' title='bbox 1183 2537 1279 2617; x_wconf 86' lang='lat' dir='ltr'><em>duni,</em></span> 
     </span>
     <span class='ocr_line' id='line_1_27' title="bbox 162 2615 1274 2700; baseline 0.007 -25"><span class='ocrx_word' id='word_1_222' title='bbox 162 2616 308 2698; x_wconf 83' lang='lat' dir='ltr'><em>adjectis,</em></span> <span class='ocrx_word' id='word_1_223' title='bbox 331 2624 489 2698; x_wconf 89' lang='lat' dir='ltr'><em>quantum</em></span> <span class='ocrx_word' id='word_1_224' title='bbox 504 2624 644 2698; x_wconf 90' lang='lat' dir='ltr'><em>propter</em></span> <span class='ocrx_word' id='word_1_225' title='bbox 665 2615 840 2679; x_wconf 87' lang='lat' dir='ltr'><em>evanidam</em></span> <span class='ocrx_word' id='word_1_226' title='bbox 863 2618 1048 2700; x_wconf 88' lang='lat' dir='ltr'><em>scripturae</em></span> <span class='ocrx_word' id='word_1_227' title='bbox 1060 2617 1190 2700; x_wconf 87' lang='lat' dir='ltr'><em>faciem</em></span> <span class='ocrx_word' id='word_1_228' title='bbox 1205 2642 1274 2683; x_wconf 91' lang='lat' dir='ltr'><em>oon·</em></span> 
     </span>
     <span class='ocr_line' id='line_1_28' title="bbox 162 2698 1279 2782; baseline 0.005 -22"><span class='ocrx_word' id='word_1_229' title='bbox 162 2718 283 2760; x_wconf 87' lang='lat' dir='ltr'><em>cessum</em></span> <span class='ocrx_word' id='word_1_230' title='bbox 303 2706 383 2776; x_wconf 86' lang='lat' dir='ltr'><em>erat,</em></span> <span class='ocrx_word' id='word_1_231' title='bbox 399 2699 516 2782; x_wconf 90' lang='lat' dir='ltr'><em>prima</em></span> <span class='ocrx_word' id='word_1_232' title='bbox 538 2698 680 2779; x_wconf 90' lang='lat' dir='ltr'><em>lectione,</em></span> <span class='ocrx_word' id='word_1_233' title='bbox 703 2721 802 2782; x_wconf 89' lang='lat' dir='ltr'><em>quam</em></span> <span class='ocrx_word' id='word_1_234' title='bbox 816 2721 911 2763; x_wconf 87' lang='lat' dir='ltr'><em>uerae</em></span> <span class='ocrx_word' id='word_1_235' title='bbox 926 2703 1103 2764; x_wconf 89' lang='lat' dir='ltr'><em>sententiae</em></span> <span class='ocrx_word' id='word_1_236' title='bbox 1117 2703 1279 2766; x_wconf 58' lang='lat' dir='ltr'><em>mundae</em></span> 
     </span>
     <span class='ocr_line' id='line_1_29' title="bbox 161 2779 1279 2868; baseline 0.007 -26"><span class='ocrx_word' id='word_1_237' title='bbox 161 2801 259 2863; x_wconf 89' lang='lat' dir='ltr'><em>saepe</em></span> <span class='ocrx_word' id='word_1_238' title='bbox 280 2779 461 2863; x_wconf 89' lang='lat' dir='ltr'><em>plurimum</em></span> <span class='ocrx_word' id='word_1_239' title='bbox 489 2779 652 2865; x_wconf 80' lang='lat' dir='ltr'><em>efficacem</em></span> <span class='ocrx_word' id='word_1_240' title='bbox 680 2784 856 2866; x_wconf 89' lang='lat' dir='ltr'><em>superiora</em></span> <span class='ocrx_word' id='word_1_241' title='bbox 884 2784 1071 2848; x_wconf 90' lang='lat' dir='ltr'><em>docuerunt.</em></span> <span class='ocrx_word' id='word_1_242' title='bbox 1125 2784 1279 2868; x_wconf 80' lang='lat' dir='ltr'><em>Cupitum</em></span> 
     </span>
     <span class='ocr_line' id='line_1_30' title="bbox 163 2864 1280 2952; baseline 0.005 -25"><span class='ocrx_word' id='word_1_243' title='bbox 163 2864 401 2928; x_wconf 88' lang='lat' dir='ltr'><em>distinctionem</em></span> <span class='ocrx_word' id='word_1_244' title='bbox 424 2864 464 2927; x_wconf 90' lang='lat' dir='ltr'><em>ab</em></span> <span class='ocrx_word' id='word_1_245' title='bbox 488 2874 618 2928; x_wconf 92' lang='lat' dir='ltr'><em>auctore</em></span> <span class='ocrx_word' id='word_1_246' title='bbox 646 2867 719 2949; x_wconf 92' lang='lat' dir='ltr'><em>ipso</em></span> <span class='ocrx_word' id='word_1_247' title='bbox 742 2865 927 2950; x_wconf 58' lang='lat' dir='ltr'><em>praecoca</em></span> <span class='ocrx_word' id='word_1_248' title='bbox 954 2867 1010 2930; x_wconf 91' lang='lat' dir='ltr'><em>sed</em></span> <span class='ocrx_word' id='word_1_249' title='bbox 1038 2890 1280 2952; x_wconf 91' lang='lat' dir='ltr'><em>nonnunquam</em></span> 
     </span>
     <span class='ocr_line' id='line_1_31' title="bbox 158 2948 1279 3034; baseline 0.006 -26"><span class='ocrx_word' id='word_1_250' title='bbox 158 2948 436 3030; x_wconf 89' lang='lat' dir='ltr'><em>praetermissam,</em></span> <span class='ocrx_word' id='word_1_251' title='bbox 470 2949 661 3032; x_wconf 87' lang='lat' dir='ltr'><em>ubicumque</em></span> <span class='ocrx_word' id='word_1_252' title='bbox 689 2971 728 3012; x_wconf 83' lang='lat' dir='ltr'><em>ea</em></span> <span class='ocrx_word' id='word_1_253' title='bbox 754 2952 864 3034; x_wconf 90' lang='lat' dir='ltr'><em>ipsius</em></span> <span class='ocrx_word' id='word_1_254' title='bbox 896 2953 1057 3014; x_wconf 92' lang='lat' dir='ltr'><em>sententia</em></span> <span class='ocrx_word' id='word_1_255' title='bbox 1089 2955 1279 3016; x_wconf 91' lang='lat' dir='ltr'><em>necessaria</em></span> 
     </span>
     <span class='ocr_line' id='line_1_32' title="bbox 162 3030 1277 3119; baseline 0.006 -27"><span class='ocrx_word' id='word_1_256' title='bbox 162 3030 343 3111; x_wconf 89' lang='lat' dir='ltr'><em>uidebatur,</em></span> <span class='ocrx_word' id='word_1_257' title='bbox 364 3033 495 3095; x_wconf 89' lang='lat' dir='ltr'><em>institui</em></span> <span class='ocrx_word' id='word_1_258' title='bbox 500 3054 512 3112; x_wconf 90' lang='lat'><em>;</em></span> <span class='ocrx_word' id='word_1_259' title='bbox 535 3034 764 3115; x_wconf 86' lang='lat' dir='ltr'><em>inscriptiones</em></span> <span class='ocrx_word' id='word_1_260' title='bbox 779 3036 815 3098; x_wconf 90' lang='lat' dir='ltr'><em>in</em></span> <span class='ocrx_word' id='word_1_261' title='bbox 830 3035 981 3119; x_wconf 81' lang='lat' dir='ltr'><em>marqine</em></span> <span class='ocrx_word' id='word_1_262' title='bbox 1022 3037 1122 3098; x_wconf 88' lang='lat' dir='ltr'><em>ositos</em></span> <span class='ocrx_word' id='word_1_263' title='bbox 1143 3039 1277 3116; x_wconf 87' lang='lat' dir='ltr'><em>retinui,</em></span> 
     </span>
     <span class='ocr_line' id='line_1_33' title="bbox 161 3115 1278 3183; baseline 0.005 -7"><span class='ocrx_word' id='word_1_264' title='bbox 161 3126 313 3177; x_wconf 90' lang='lat' dir='ltr'><em>numeros</em></span> <span class='ocrx_word' id='word_1_265' title='bbox 335 3115 452 3178; x_wconf 90' lang='lat' dir='ltr'><em>ud&#39;eci.</em></span> <span class='ocrx_word' id='word_1_266' title='bbox 495 3116 582 3179; x_wconf 74' lang='lat' dir='ltr'><em>loca</em></span> <span class='ocrx_word' id='word_1_267' title='bbox 606 3116 744 3180; x_wconf 89' lang='lat' dir='ltr'><em>obscura</em></span> <span class='ocrx_word' id='word_1_268' title='bbox 767 3127 825 3180; x_wconf 90' lang='lat' dir='ltr'><em>aut</em></span> <span class='ocrx_word' id='word_1_269' title='bbox 846 3119 948 3180; x_wconf 91' lang='lat' dir='ltr'><em>unius</em></span> <span class='ocrx_word' id='word_1_270' title='bbox 964 3141 984 3180; x_wconf 92' lang='lat' dir='ltr'><em>a</em></span> <span class='ocrx_word' id='word_1_271' title='bbox 998 3119 1137 3182; x_wconf 90' lang='lat' dir='ltr'><em>teriusoe</em></span> <span class='ocrx_word' id='word_1_272' title='bbox 1151 3119 1278 3183; x_wconf 90' lang='lat' dir='ltr'><em>litterae</em></span> 
     </span>
     <span class='ocr_line' id='line_1_34' title="bbox 162 3137 1164 3286; baseline 0.009 -26"><span class='ocrx_word' id='word_1_273' title='bbox 162 3197 343 3261; x_wconf 89' lang='lat' dir='ltr'><em>abscisione</em></span> <span class='ocrx_word' id='word_1_274' title='bbox 364 3137 475 3262; x_wconf 79' lang='lat' dir='ltr'><em>lbcera</em></span> <span class='ocrx_word' id='word_1_275' title='bbox 496 3201 685 3286; x_wconf 79' lang='lat' dir='ltr'><em>conjectura</em></span> <span class='ocrx_word' id='word_1_276' title='bbox 700 3200 870 3285; x_wconf 86' lang='lat' dir='ltr'><em>probabili</em></span> <span class='ocrx_word' id='word_1_277' title='bbox 890 3201 1007 3265; x_wconf 89' lang='lat' dir='ltr'><em>ductus</em></span> <span class='ocrx_word' id='word_1_278' title='bbox 1029 3201 1164 3286; x_wconf 83' lang='lat' dir='ltr'><em>eupleui.</em></span> 
     </span>
    </p>
   </div>
   <div class='ocr_carea' id='block_1_5' title="bbox 976 3301 1233 3368">
    <p class='ocr_par' dir='ltr' id='par_1_7' title="bbox 976 3301 1233 3368">
     <span class='ocr_line' id='line_1_35' title="bbox 976 3301 1233 3368; baseline 0.008 -2"><span class='ocrx_word' id='word_1_279' title='bbox 976 3301 1233 3368; x_wconf 61' lang='lat' dir='ltr'><em>dfffflm.</em></span> 
     </span>
    </p>
   </div>
   <div class='ocr_carea' id='block_1_6' title="bbox 150 3467 1275 4388">
    <p class='ocr_par' dir='ltr' id='par_1_8' title="bbox 150 3467 1275 4388">
     <span class='ocr_line' id='line_1_36' title="bbox 245 3467 1274 3554; baseline 0.004 -24"><span class='ocrx_word' id='word_1_280' title='bbox 245 3467 310 3531; x_wconf 88' lang='lat' dir='ltr'><em>His</em></span> <span class='ocrx_word' id='word_1_281' title='bbox 324 3471 432 3552; x_wconf 91' lang='lat' dir='ltr'><em>primi</em></span> <span class='ocrx_word' id='word_1_282' title='bbox 450 3470 593 3550; x_wconf 87' lang='lat' dir='ltr'><em>editoris,</em></span> <span class='ocrx_word' id='word_1_283' title='bbox 617 3471 675 3554; x_wconf 92' lang='lat' dir='ltr'><em>qui</em></span> <span class='ocrx_word' id='word_1_284' title='bbox 693 3469 813 3534; x_wconf 90' lang='lat' dir='ltr'><em>librum</em></span> <span class='ocrx_word' id='word_1_285' title='bbox 825 3467 972 3552; x_wconf 84' lang='lat' dir='ltr'><em>feliciter</em></span> <span class='ocrx_word' id='word_1_286' title='bbox 987 3470 1107 3532; x_wconf 83' lang='lat' dir='ltr'><em>deteuit</em></span> <span class='ocrx_word' id='word_1_287' title='bbox 1117 3468 1274 3551; x_wconf 80' lang='lat' dir='ltr'><em>felicius-</em></span> 
     </span>
     <span class='ocr_line' id='line_1_37' title="bbox 161 3551 1275 3637; baseline 0.005 -25"><span class='ocrx_word' id='word_1_288' title='bbox 161 3572 221 3634; x_wconf 90' lang='lat' dir='ltr'><em>que</em></span> <span class='ocrx_word' id='word_1_289' title='bbox 251 3551 424 3635; x_wconf 88' lang='lat' dir='ltr'><em>descripsit</em></span> <span class='ocrx_word' id='word_1_290' title='bbox 456 3562 484 3614; x_wconf 91' lang='lat' dir='ltr'><em>et</em></span> <span class='ocrx_word' id='word_1_291' title='bbox 516 3553 628 3634; x_wconf 89' lang='lat' dir='ltr'><em>edidit,</em></span> <span class='ocrx_word' id='word_1_292' title='bbox 660 3552 766 3616; x_wconf 88' lang='lat' dir='ltr'><em>uerbis</em></span> <span class='ocrx_word' id='word_1_293' title='bbox 792 3574 908 3635; x_wconf 89' lang='lat' dir='ltr'><em>pauca</em></span> <span class='ocrx_word' id='word_1_294' title='bbox 942 3554 1132 3637; x_wconf 87' lang='lat' dir='ltr'><em>adjicienda</em></span> <span class='ocrx_word' id='word_1_295' title='bbox 1165 3553 1275 3617; x_wconf 89' lang='lat' dir='ltr'><em>babeo.</em></span> 
     </span>
     <span class='ocr_line' id='line_1_38' title="bbox 163 3632 1275 3721; baseline 0.003 -24"><span class='ocrx_word' id='word_1_296' title='bbox 163 3632 310 3697; x_wconf 77' lang='lat' dir='ltr'><em>Codicem</em></span> <span class='ocrx_word' id='word_1_297' title='bbox 320 3636 437 3698; x_wconf 91' lang='lat' dir='ltr'><em>iterum</em></span> <span class='ocrx_word' id='word_1_298' title='bbox 449 3659 547 3721; x_wconf 92' lang='lat' dir='ltr'><em>quam</em></span> <span class='ocrx_word' id='word_1_299' title='bbox 559 3637 803 3700; x_wconf 87' lang='lat' dir='ltr'><em>accuratissime</em></span> <span class='ocrx_word' id='word_1_300' title='bbox 815 3634 946 3717; x_wconf 92' lang='lat' dir='ltr'><em>contuli,</em></span> <span class='ocrx_word' id='word_1_301' title='bbox 959 3637 1015 3698; x_wconf 89' lang='lat' dir='ltr'><em>sed</em></span> <span class='ocrx_word' id='word_1_302' title='bbox 1022 3658 1137 3719; x_wconf 90' lang='lat' dir='ltr'><em>pauca</em></span> <span class='ocrx_word' id='word_1_303' title='bbox 1148 3646 1275 3701; x_wconf 86' lang='lat' dir='ltr'><em>tantum</em></span> 
     </span>
     <span class='ocr_line' id='line_1_39' title="bbox 161 3715 1275 3801; baseline 0.004 -24"><span class='ocrx_word' id='word_1_304' title='bbox 161 3738 262 3799; x_wconf 88' lang='lat' dir='ltr'><em>eaque</em></span> <span class='ocrx_word' id='word_1_305' title='bbox 273 3715 359 3779; x_wconf 89' lang='lat' dir='ltr'><em>levia</em></span> <span class='ocrx_word' id='word_1_306' title='bbox 370 3719 407 3781; x_wconf 88' lang='lat' dir='ltr'><em>in</em></span> <span class='ocrx_word' id='word_1_307' title='bbox 418 3720 491 3801; x_wconf 92' lang='lat' dir='ltr'><em>ipso</em></span> <span class='ocrx_word' id='word_1_308' title='bbox 504 3721 661 3784; x_wconf 86' lang='lat' dir='ltr'><em>bistoriae</em></span> <span class='ocrx_word' id='word_1_309' title='bbox 676 3728 764 3782; x_wconf 81' lang='lat' dir='ltr'><em>teuta</em></span> <span class='ocrx_word' id='word_1_310' title='bbox 779 3720 985 3783; x_wconf 87' lang='lat' dir='ltr'><em>emendanda</em></span> <span class='ocrx_word' id='word_1_311' title='bbox 998 3722 1120 3783; x_wconf 91' lang='lat' dir='ltr'><em>inveni.</em></span> <span class='ocrx_word' id='word_1_312' title='bbox 1149 3719 1180 3782; x_wconf 91' lang='lat' dir='ltr'><em>V.</em></span> <span class='ocrx_word' id='word_1_313' title='bbox 1193 3721 1220 3782; x_wconf 92' lang='lat' dir='ltr'><em>b.</em></span> <span class='ocrx_word' id='word_1_314' title='bbox 1234 3745 1275 3783; x_wconf 90' lang='lat' dir='ltr'><em>m.</em></span> 
     </span>
     <span class='ocr_line' id='line_1_40' title="bbox 160 3798 1275 3884; baseline 0.007 -24"><span class='ocrx_word' id='word_1_315' title='bbox 160 3798 252 3861; x_wconf 76' lang='lat' dir='ltr'><em>Perta</em></span> <span class='ocrx_word' id='word_1_316' title='bbox 267 3822 342 3863; x_wconf 88' lang='lat' dir='ltr'><em>nero</em></span> <span class='ocrx_word' id='word_1_317' title='bbox 351 3803 499 3884; x_wconf 89' lang='lat' dir='ltr'><em>priorem</em></span> <span class='ocrx_word' id='word_1_318' title='bbox 514 3801 678 3868; x_wconf 88' lang='lat' dir='ltr'><em>lectionem</em></span> <span class='ocrx_word' id='word_1_319' title='bbox 693 3823 758 3864; x_wconf 93' lang='lat' dir='ltr'><em>non</em></span> <span class='ocrx_word' id='word_1_320' title='bbox 775 3811 961 3866; x_wconf 89' lang='lat' dir='ltr'><em>constanter</em></span> <span class='ocrx_word' id='word_1_321' title='bbox 975 3807 1126 3883; x_wconf 81' lang='lat' dir='ltr'><em>enotavit,</em></span> <span class='ocrx_word' id='word_1_322' title='bbox 1149 3825 1188 3866; x_wconf 90' lang='lat' dir='ltr'><em>ea</em></span> <span class='ocrx_word' id='word_1_323' title='bbox 1203 3813 1275 3868; x_wconf 92' lang='lat' dir='ltr'><em>tan-</em></span> 
     </span>
     <span class='ocr_line' id='line_1_41' title="bbox 160 3884 1275 3971; baseline 0.007 -28"><span class='ocrx_word' id='word_1_324' title='bbox 160 3891 227 3944; x_wconf 90' lang='lat' dir='ltr'><em>tum</em></span> <span class='ocrx_word' id='word_1_325' title='bbox 249 3884 401 3948; x_wconf 75' lang='lat' dir='ltr'><em>exbibens</em></span> <span class='ocrx_word' id='word_1_326' title='bbox 432 3909 514 3970; x_wconf 91' lang='lat' dir='ltr'><em>quae</em></span> <span class='ocrx_word' id='word_1_327' title='bbox 543 3887 680 3971; x_wconf 85' lang='lat' dir='ltr'><em>majoris</em></span> <span class='ocrx_word' id='word_1_328' title='bbox 708 3887 858 3949; x_wconf 90' lang='lat' dir='ltr'><em>momenti</em></span> <span class='ocrx_word' id='word_1_329' title='bbox 889 3889 920 3950; x_wconf 88' lang='lat' dir='ltr'><em>ei</em></span> <span class='ocrx_word' id='word_1_330' title='bbox 951 3886 1156 3950; x_wconf 90' lang='lat' dir='ltr'><em>uidebantur.</em></span> <span class='ocrx_word' id='word_1_331' title='bbox 1203 3885 1275 3960; x_wconf 81' lang='lat' dir='ltr'><em>Quo</em></span> 
     </span>
     <span class='ocr_line' id='line_1_42' title="bbox 150 3965 1274 4054; baseline 0.004 -25"><span class='ocrx_word' id='word_1_332' title='bbox 150 3965 284 4048; x_wconf 87' lang='lat' dir='ltr'><em>factum</em></span> <span class='ocrx_word' id='word_1_333' title='bbox 307 3978 361 4047; x_wconf 88' lang='lat' dir='ltr'><em>est,</em></span> <span class='ocrx_word' id='word_1_334' title='bbox 383 3977 420 4030; x_wconf 92' lang='lat' dir='ltr'><em>ut</em></span> <span class='ocrx_word' id='word_1_335' title='bbox 440 3972 549 4034; x_wconf 91' lang='lat' dir='ltr'><em>minus</em></span> <span class='ocrx_word' id='word_1_336' title='bbox 572 3977 762 4033; x_wconf 90' lang='lat' dir='ltr'><em>accuratam</em></span> <span class='ocrx_word' id='word_1_337' title='bbox 784 3970 906 4033; x_wconf 88' lang='lat' dir='ltr'><em>codicis</em></span> <span class='ocrx_word' id='word_1_338' title='bbox 923 3972 1100 4054; x_wconf 85' lang='lat' dir='ltr'><em>imaqinem</em></span> <span class='ocrx_word' id='word_1_339' title='bbox 1121 3971 1274 4034; x_wconf 89' lang='lat' dir='ltr'><em>traderet.</em></span> 
     </span>
     <span class='ocr_line' id='line_1_43' title="bbox 158 4049 1275 4136; baseline 0.007 -25"><span class='ocrx_word' id='word_1_340' title='bbox 158 4049 369 4135; x_wconf 86' lang='lat' dir='ltr'><em>Numquam</em></span> <span class='ocrx_word' id='word_1_341' title='bbox 398 4074 454 4116; x_wconf 90' lang='lat' dir='ltr'><em>sae</em></span> <span class='ocrx_word' id='word_1_342' title='bbox 479 4055 587 4117; x_wconf 92' lang='lat' dir='ltr'><em>issime</em></span> <span class='ocrx_word' id='word_1_343' title='bbox 616 4073 701 4136; x_wconf 89' lang='lat' dir='ltr'><em>quae</em></span> <span class='ocrx_word' id='word_1_344' title='bbox 723 4053 857 4116; x_wconf 87' lang='lat' dir='ltr'><em>obortae</em></span> <span class='ocrx_word' id='word_1_345' title='bbox 877 4051 1035 4118; x_wconf 90' lang='lat' dir='ltr'><em>intulerat</em></span> <span class='ocrx_word' id='word_1_346' title='bbox 1066 4054 1115 4118; x_wconf 87' lang='lat' dir='ltr'><em>uel</em></span> <span class='ocrx_word' id='word_1_347' title='bbox 1146 4052 1275 4118; x_wconf 92' lang='lat' dir='ltr'><em>calamo</em></span> 
     </span>
     <span class='ocr_line' id='line_1_44' title="bbox 159 4133 1273 4220; baseline 0.006 -25"><span class='ocrx_word' id='word_1_348' title='bbox 159 4133 241 4198; x_wconf 88' lang='lat' dir='ltr'><em>dare</em></span> <span class='ocrx_word' id='word_1_349' title='bbox 262 4137 430 4218; x_wconf 90' lang='lat' dir='ltr'><em>inceperat</em></span> <span class='ocrx_word' id='word_1_350' title='bbox 483 4137 612 4200; x_wconf 86' lang='lat' dir='ltr'><em>icberus</em></span> <span class='ocrx_word' id='word_1_351' title='bbox 627 4144 745 4220; x_wconf 91' lang='lat' dir='ltr'><em>postea</em></span> <span class='ocrx_word' id='word_1_352' title='bbox 766 4138 956 4211; x_wconf 83' lang='lat' dir='ltr'><em>emendavit,</em></span> <span class='ocrx_word' id='word_1_353' title='bbox 984 4159 1059 4200; x_wconf 84' lang='lat' dir='ltr'><em>mon</em></span> <span class='ocrx_word' id='word_1_354' title='bbox 1080 4141 1166 4201; x_wconf 89' lang='lat' dir='ltr'><em>inter</em></span> <span class='ocrx_word' id='word_1_355' title='bbox 1191 4141 1273 4202; x_wconf 90' lang='lat' dir='ltr'><em>scri-</em></span> 
     </span>
     <span class='ocr_line' id='line_1_45' title="bbox 158 4216 1274 4304; baseline 0.004 -25"><span class='ocrx_word' id='word_1_356' title='bbox 158 4216 307 4298; x_wconf 90' lang='lat' dir='ltr'><em>bendum,</em></span> <span class='ocrx_word' id='word_1_357' title='bbox 329 4219 378 4280; x_wconf 91' lang='lat' dir='ltr'><em>ita</em></span> <span class='ocrx_word' id='word_1_358' title='bbox 393 4228 428 4282; x_wconf 93' lang='lat' dir='ltr'><em>ut</em></span> <span class='ocrx_word' id='word_1_359' title='bbox 447 4217 599 4304; x_wconf 83' lang='lat' dir='ltr'><em>sinqulas</em></span> <span class='ocrx_word' id='word_1_360' title='bbox 619 4227 745 4282; x_wconf 91' lang='lat' dir='ltr'><em>tantum</em></span> <span class='ocrx_word' id='word_1_361' title='bbox 766 4219 892 4284; x_wconf 89' lang='lat' dir='ltr'><em>litteras</em></span> <span class='ocrx_word' id='word_1_362' title='bbox 910 4220 1026 4284; x_wconf 90' lang='lat' dir='ltr'><em>deleret</em></span> <span class='ocrx_word' id='word_1_363' title='bbox 1042 4219 1091 4284; x_wconf 87' lang='lat' dir='ltr'><em>uel</em></span> <span class='ocrx_word' id='word_1_364' title='bbox 1105 4221 1274 4284; x_wconf 89' lang='lat' dir='ltr'><em>uerborum</em></span> 
     </span>
     <span class='ocr_line' id='line_1_46' title="bbox 158 4302 1272 4388; baseline 0.004 -26"><span class='ocrx_word' id='word_1_365' title='bbox 158 4302 305 4366; x_wconf 92' lang='lat' dir='ltr'><em>ordinem</em></span> <span class='ocrx_word' id='word_1_366' title='bbox 333 4310 480 4383; x_wconf 89' lang='lat' dir='ltr'><em>mutaret,</em></span> <span class='ocrx_word' id='word_1_367' title='bbox 508 4324 583 4365; x_wconf 83' lang='lat' dir='ltr'><em>mon</em></span> <span class='ocrx_word' id='word_1_368' title='bbox 605 4303 791 4387; x_wconf 88' lang='lat' dir='ltr'><em>posteriori,</em></span> <span class='ocrx_word' id='word_1_369' title='bbox 814 4327 871 4368; x_wconf 93' lang='lat' dir='ltr'><em>nec</em></span> <span class='ocrx_word' id='word_1_370' title='bbox 894 4326 960 4368; x_wconf 91' lang='lat' dir='ltr'><em>uno</em></span> <span class='ocrx_word' id='word_1_371' title='bbox 981 4313 1131 4388; x_wconf 91' lang='lat' dir='ltr'><em>tempore,</em></span> <span class='ocrx_word' id='word_1_372' title='bbox 1164 4307 1213 4368; x_wconf 93' lang='lat' dir='ltr'><em>ita</em></span> <span class='ocrx_word' id='word_1_373' title='bbox 1234 4315 1272 4367; x_wconf 95' lang='lat' dir='ltr'><em>ut</em></span> 
     </span>
    </p>
   </div>
   <div class='ocr_carea' id='block_1_7' title="bbox 0 0 1414 4824">
    <p class='ocr_par' dir='ltr' id='par_1_9' title="bbox 0 0 1414 4824">
     <span class='ocr_line' id='line_1_47' title="bbox 0 0 1414 4824; baseline 0 0"><span class='ocrx_word' id='word_1_374' title='bbox 0 0 1414 4824; x_wconf 95' lang='lat' dir='ltr'><em> </em></span> 
     </span>
    </p>
   </div>
  </div>
 </body>
</html>
