2820 4824
336 369 491 421 RIOHEBI
511 369 764 422 HISTORIARUM
782 372 894 423 LIBER
913 373 967 424 III.
1164 375 1215 426 109

97 539 228 618 stantia,
250 538 420 623 quantitas,
443 534 587 621 qualitas.
624 535 698 600 Alia
718 559 794 601 vero
816 559 881 601 non
902 538 1089 624 simpliciter
1110 540 1214 625 profe·

94 631 220 703 runtur,
243 631 280 684 ut
299 618 452 684 rationale
473 619 515 683 ad
537 619 688 685 mortale’.

168 741 220 805 65.
264 738 352 820 Quid
374 740 608 803 continentiusa
630 741 680 822 sit,
701 739 873 804 rationalea
895 752 955 805 ana
977 741 1109 807 mortale
1117 753 1139 807 ⁸.

182 841 275 905 Tunc
302 841 522 906 vehementius
552 841 681 906 Otricus
708 840 870 906 admirans
898 844 957 907 ait:
990 842 1054 907 ‘An
1081 843 1215 909 mortale

94 923 245 989 rationali
274 924 453 1010 supponis?
496 923 577 1004 Quis
606 925 736 1006 nesciat,
765 925 851 1011 quod
878 926 1031 992 rationale
1052 927 1161 991 Deum
1183 937 1215 992 et

95 1007 247 1092 angelum
268 1007 494 1093 hominemque
517 1007 692 1088 concludat,
722 1007 854 1072 mortale
876 1031 953 1074 vero
976 1020 1088 1095 utpote
1110 1011 1213 1075 maius

96 1101 130 1156 et
152 1093 365 1156 continentius
388 1093 495 1155 omnia
523 1091 670 1156 mortalia
693 1101 726 1154 et
746 1114 805 1177 per
826 1092 887 1156 hoc
908 1093 1033 1157 infinita
1055 1092 1215 1178 colligat?

95 1174 151 1238 Ad
173 1176 252 1241 haec
267 1173 456 1240 Gerbertus:
479 1173 543 1256 ‘Si’‚
564 1177 676 1261 inquit,
699 1175 886 1239 ‘secundum
901 1176 1104 1262 Porphirium
1118 1186 1214 1263 atque

95 1258 249 1323 Boetium
274 1259 470 1324 substantiae
498 1258 686 1323 divisionem
712 1280 813 1344 usque
839 1259 882 1322 ad
902 1259 1070 1324 individua
1097 1259 1215 1325 idonea

95 1344 268 1428 partitione
289 1365 348 1428 per
372 1341 513 1422 anderes,
540 1341 693 1406 rationale
721 1344 932 1408 continentius
962 1364 1058 1430 quam
1080 1343 1214 1408 mortale

96 1427 166 1489 sine
189 1425 287 1490 dubio
309 1366 454 1491 haberes.
495 1425 598 1511 quue
620 1427 769 1510 congruis
790 1428 966 1492 rationibus
989 1425 1158 1510 enucleari,
1180 1430 1215 1492 in

119 1519 227 1573 romtu
249 1519 307 1574 est.
330 1509 460 1574 Etenim
481 1531 555 1572 cum
578 1519 709 1591 constet,
732 1509 943 1574 substantiam
964 1533 1067 1596 genus
1106 1533 1213 1576 enera-

109 1594 256 1656 'simum
283 1616 342 1679 per
369 1593 552 1657 subalterna
578 1615 673 1678 posse
705 1592 805 1657 dividi
836 1616 937 1680 usque
966 1594 1008 1660 ad
1035 1596 1068 1658 in
1092 1595 1214 1678 ividua,

94 1675 274 1742 videndum
295 1687 352 1757 est,
375 1700 417 1741 an
439 1679 545 1740 omnia
566 1674 748 1740 subalterna
769 1676 902 1762 singulis
925 1679 1119 1743 dictionibus
1164 1700 1214 1743 ro-

95 1759 249 1825 ferantur.
288 1759 352 1825 Sed
373 1759 494 1908 liqpido
516 1768 613 1846 patet,
635 1759 697 1824 alia
712 1760 752 1824 de
767 1760 911 1845 singulis,
933 1761 996 1826 alia
1011 1762 1051 1826 de
1066 1702 1214 1848 pluribus

95 1865 215 1908 nomen
232 1844 353 1908 factum
374 1844 416 1908 ha
440 1866 501 1908 ere.
545 1843 597 1908 De
619 1843 763 1928 singulis,
784 1853 820 1908 ut
841 1867 973 1932 corpus3
996 1845 1036 1910 de
1080 1844 1216 1929 luribus,

95 1935 134 1991 ut
153 1929 329 1991 animatum
350 1925 508 1992 sensibile.
544 1927 669 1991 Eadem
691 1949 817 2013 quoque
839 1931 961 1994 ratione
983 1868 1214 2013 subalternum,

97 2011 187 2097 quod
209 2020 257 2076 est
277 2010 395 2075 animal
415 2009 577 2093 rationale,
622 2011 784 2076 redicatur
805 2011 845 2075 dc
869 2013 1024 2094 subiecto,
1055 2014 1144 2099 quod
1166 2023 1215 2078 est

96 2093 218 2158 animal
236 2094 389 2160 rationale
410 2094 552 2159 mortale.
627 2116 663 2158 ec
685 2095 767 2176 dico,
791 2095 878 2194 quod
899 2094 1053 2161 rationale
1075 2095 1214 2182 simplex

95 2177 280 2264 predicetur
302 2179 341 2242 de
370 2177 508 2265 simplici
534 2177 673 2259 mortali;
702 2177 736 2241 id
765 2199 850 2241 emm
876 2200 940 2244 non
969 2177 1128 2264 procedit;
1156 2180 1215 2244 sed

95 2261 261 2344 rationale,
283 2263 424 2348 inquam,
446 2262 576 2326 animali
596 2263 801 2325 coniunctum
820 2261 1006 2346 predicatur
1020 2262 1060 2325 de
1074 2262 1212 2344 mortali,

96 2346 270 2410 coniuncto
297 2344 427 2409 animali
454 2343 618 2409 rationali’.
673 2344 818 2430 Cumque
846 2343 953 2410 verbis
986 2355 1018 2410 et
1048 2346 1213 2410 sententiis

94 2429 233 2493 nimium
254 2428 368 2494 flueret
394 2439 426 2494 et
451 2428 556 2493 adhuc
577 2428 659 2492 aliab
687 2428 793 2492 dicere
815 2437 952 2513 pararet,
981 2431 1110 2514 augusti
1131 2439 1212 2494 nutu

95 2511 306 2599 disputationi
329 2512 401 2578 finis
422 2514 557 2577 iniectus
579 2522 637 2592 est,
665 2534 702 2576 eo
730 2512 817 2597 quod
844 2522 876 2577 et
897 2513 982 2578 diem
1003 2535 1085 2598 pene
1106 2513 1140 2576 in
1162 2512 1212 2576 his

94 2605 201 2662 totum
233 2608 474 2661 consumserant
510 2607 542 2660 et
573 2595 738 2661 audientes
770 2593 896 2682 prolixa
929 2604 1026 2682 atque
1059 2598 1212 2661 continua

96 2679 273 2766 disputatio
305 2681 370 2743 iam
401 2679 565 2766 fatigabat.
618 2679 671 2744 Ab
714 2690 851 2764 augusto
890 2682 999 2767 itaque
1036 2680 1211 2746 Gerbertus

98 2766 229 2850 egregie
255 2764 406 2847 donatus,
435 2786 510 2828 cum
539 2786 596 2829 suo
625 2762 868 2850 metropolitano
894 2766 929 2828 in
958 2762 1079 2830 Gallias
1108 2762 1212 2829 clarus

96 2849 262 2913 remeavit.

219 2967 271 3032 66.
313 2966 504 3032 *Sinodus0
525 2966 613 3052 apud
635 2967 787 3033 Sanctam
808 2968 955 3053 Magram
976 2967 1094 3033 habita.

184 3069 310 3134 Eodem
346 3078 490 3154 tempore
529 3069 673 3133 Emmal
712 3071 823 3154 regina
862 3079 894 3134 et
932 3068 1094 3134 Adalbero
1130 3070 1214 3134 Lau-

98 3153 252 3218 dunensis
274 3153 381 3238 episco
406 3175 444 3216 us
465 3152 599 3216 infames
621 3155 724 3237 stupri
746 3153 1002 3216 criminabantur.
1046 3153 1086 3216 Id
1107 3162 1215 3218 tamon

98 3235 236 3302 latenter
255 3175 490 3318 intendebatur,
512 3234 628 3299 nullius
643 3236 809 3300 manifesto
823 3236 1006 3299 intentionis
1021 3244 1110 3300 teste.
1149 3236 1215 3300 Sed

100 3323 179 3406 quia
200 3343 371 3406 suppresse
391 3319 513 3384 dictum
527 3318 569 3383 ad
584 3321 726 3383 omnium
741 3341 834 3383 aures
850 3318 1031 3399 devenerat,
1054 3320 1216 3403 episcopis

99 3404 209 3468 visum
238 3413 293 3486 est,
323 3403 358 3467 id
386 3425 454 3467 esse
483 3403 733 3484 discutiendum,
755 3426 796 3467 ne
823 3402 920 3466 frater
945 3411 977 3465 et
1005 3402 1216 3487 coepiscopus

101 3509 214 3552 eorum
238 3487 388 3551 infamiae
414 3495 520 3551 tantae
550 3486 748 3552 subderetur.
791 3484 823 3549 A
844 3508 882 3550 su
905 3485 1026 3548 radioto
1053 3505 1130 3570 ergo
1152 3508 1217 3550 me-

100 3569 294 3656 tropolitano
324 3569 457 3635 collecta
485 3580 534 3635 est
554 3572 779 3656 episcoporum
801 3507 932 3634 sinodbs
954 3569 1043 3654 apud
1066 3570 1218 3633 Sanctam

100 3655 264 3739 Magram,
292 3653 400 3718 locum
426 3654 601 3718 Remorum
630 3654 855 3719 diocesaneum
866 3665 888 3717 1.
943 3652 1218 3738 Considentesque

101 3747 135 3802 et
147 3759 293 3824 quaeque
304 3736 394 3802 utilia
404 3746 644 3822 pertractantes,
659 3748 832 3824 postquam
846 3736 1148 3822 metropolitanust.
1164 3786 1171 3802 .
1185 3785 1193 3801 .
1209 3785 1217 3800 .

164 3981 187 4034 a)
213 3984 282 4035 conti,
304 3985 357 4035 tius,
380 3985 436 4036 atio,
458 3994 496 4035 an,
518 3983 565 4022 talo
586 3983 642 4022 abac.
716 3982 741 4035 b)
764 3995 825 4024 nova
845 3994 925 4025 omnes
946 3986 1095 4033 expectarent
1111 3984 1141 4024 ab
1159 3993 1180 4023 a.
1199 3983 1219 4024 1.

103 4040 125 4094 c)
141 4043 174 4082 ita
189 4043 255 4096 codes
270 4043 344 4092 prima
365 4053 432 4082 manu
449 4042 531 4091 pergit,
554 4053 573 4082 c.
591 4040 686 4082 55-65.
698 4047 750 4092 post
765 4043 852 4082 insertis
867 4041 896 4095 (o.
910 4053 935 4092 p.
952 4044 1003 4086 104.
1019 4053 1042 4082 a.
1059 4053 1079 4085 c.
1096 4047 1115 4082 et
1129 4053 1152 4092 p.
1169 4041 1219 4082 108.

103 4112 127 4142 a.
145 4099 190 4154 c),
205 4102 263 4151 qood
278 4102 383 4141 Reimarus
395 4113 420 4150 p.
436 4102 471 4142 24.
485 4111 567 4150 porum
579 4101 694 4150 perspexit.
750 4100 773 4152 d)
789 4103 816 4142 E.
832 4113 850 4142 r.
868 4105 891 4142 et
906 4102 949 4141 nd.
965 4102 991 4144 L.
1007 4113 1025 4142 c.
1083 4099 1105 4150 o)
1119 4102 1153 4140 hic
1164 4109 1221 4150 pene

103 4171 151 4200 aaa
167 4165 187 4199 ot
203 4161 291 4210 plures,
314 4165 338 4199 at
352 4161 446 4207 videtur,
467 4161 536 4198 tincae
555 4159 580 4198 in
594 4159 641 4210 flas
658 4160 753 4210 popinas
776 4161 871 4200 obedias
892 4159 1069 4209 mansonario
1089 4160 1152 4199 ctiam
1174 4158 1220 4197 olto

103 4219 188 4271 dotum,
207 4219 230 4268 f.
247 4219 283 4260 88.
299 4228 356 4258 novo
364 4219 472 4268 fasciculo
487 4218 607 4268 incipiente.

182 4347 210 4416 1)
229 4351 344 4403 Fismes.

1224 559 1275 601 ato.

1226 2993 1283 3038 ‘fol
1299 2994 1345 3039 W.

1225 3056 1265 3097 tin.
