2820 4824
331 351 484 402 RIOHERI
503 352 756 405 HISTORIARUM
775 353 886 404 LIBER
906 353 958 406 III.
1144 357 1211 404 ·121

92 520 149 584 94.
186 516 375 582 lldelaidisa
396 539 416 582 a
429 517 617 582 Ludovicoa
632 541 665 582 re
689 519 761 582 inae
776 519 828 581 ina
841 517 1017 605 Aquitania
1031 524 1212 607 promotioa

462 623 635 688 eorumque
678 603 857 667 ivortiumr.

183 704 256 784 Quo
285 724 305 766 a
332 703 456 790 prefata
477 701 633 767 Adelaide
662 702 760 768 multo
790 716 947 790 apparatu
976 707 1103 792 excepti
1131 717 1213 772 sunt.

93 788 140 852 Et
162 787 215 852 die
238 788 423 867 constituta,
444 785 620 851 rationibus
642 787 862 852 decentissime
883 787 999 854 habitis
1030 801 1061 855 et
1082 813 1124 854 ex
1145 791 1213 855 iure

95 870 181 935 datis
209 869 384 953 dotalibus,
411 870 596 934 Ludovicus
622 893 680 934 rex
710 893 780 935 eam
806 873 867 936 sibi
893 895 1027 937 uxorem
1054 874 1214 960 copulavit

95 965 130 1019 at
153 977 195 1019 ue
228 977 337 1018 secum
367 963 549 1018 coronatam
578 977 636 1039 per
664 955 832 1040 episcopos
861 957 895 1018 in
923 978 1058 1040 regnum
1088 980 1213 1042 promo-

94 1039 146 1103 vit
170 1087 177 1103 .
221 1039 295 1102 Non
315 1047 421 1102 tamen
442 1039 566 1136 regium
594 1060 710 1102 nomen
732 1039 778 1100 sic
806 1039 840 1101 in
869 1039 914 1102 eis
943 1039 1051 1122 valuit,
1081 1049 1116 1104 ut
1137 1040 1213 1104 ulla·

94 1132 191 1188 tenus
220 1122 376 1207 regnandi
403 1122 651 1186 domrnationem
673 1123 705 1184 in
728 1123 927 1219 principibus
954 1145 1102 1188 exercere
1130 1123 1213 1188 vale·

94 1215 178 1270 rent.
227 1207 328 1269 Amor
357 1227 484 1291 quoque
506 1204 681 1290 coniugalis
711 1228 757 1268 ers
783 1228 866 1290 pene
891 1205 996 1270 nullus
1017 1206 1085 1272 fuit.
1129 1208 1212 1270 Nam

95 1311 173 1354 cum
201 1287 253 1354 ille
280 1288 385 1352 adhuc
434 1289 613 1369 ubesceret,
643 1288 697 1352 illa
722 1311 798 1352 vero
826 1310 904 1352 anus
925 1289 1015 1372 foret,
1048 1291 1213 1354 contrariis

94 1372 241 1436 moribus
264 1312 501 1437 dissentiebant.
541 1372 734 1437 Cubiculum
755 1393 924 1438 commune
946 1371 1007 1437 sibi
1028 1396 1093 1438 non
1114 1376 1213 1460 patie-

95 1458 224 1522 bantur.
260 1457 447 1542 Requieturi
469 1479 595 1542 quoque
617 1455 752 1520 diversis
767 1456 912 1542 hospitiis
927 1457 1139 1542 potiebantur.
1177 1457 1213 1522 Si

96 1539 227 1626 quando
249 1539 493 1625 colloquendum
515 1550 591 1622 erat,
618 1539 725 1604 locum
747 1540 807 1605 sub
836 1541 911 1604 divo
938 1541 1106 1606 habebant.
1149 1542 1212 1605 Pro

96 1624 299 1688 sermonibus
320 1623 532 1708 producendis
555 1625 749 1708 paucissima
770 1623 877 1689 dicere
899 1634 948 1688 sat
969 1635 1045 1689 erat.
1089 1625 1131 1688 Et
1152 1624 1213 1689 hoc

96 1729 116 1772 a
141 1706 187 1770 ud
217 1729 271 1771 eos
300 1707 364 1771 fere
394 1720 462 1773 erat
489 1730 547 1792 per
575 1707 749 1772 biennium.
804 1708 948 1788 Quorum
975 1731 1080 1773 mores
1112 1731 1212 1794 usque

96 1731 179 1856 adeo
202 1790 364 1854 discordes
385 1791 483 1872 fuere,
503 1802 539 1856 ut
560 1813 623 1855 non
644 1790 743 1856 multo
765 1802 838 1877 post
859 1803 1043 1890 sequeretur
1063 1801 1095 1856 et
1109 1791 1213 1856 divor-

95 1877 209 1940 tium1.
246 1876 325 1960 (95.)
352 1873 536 1938 Ludovicus
557 1897 633 1940 vero
655 1876 731 1973 quia
751 1898 876 1939 morum
896 1877 1134 1941 1nformatorem
1149 1899 1213 1940 non

96 1958 247 2040 habebat,
269 1967 379 2044 utpote
401 1957 594 2041 adolescens,
616 1959 733 2023 levium
755 1981 861 2024 rerum
879 1960 1074 2024 vanitatibus
1089 1961 1213 2024 insiste-

96 2041 163 2109 bat.
207 2041 383 2106 Habitum⁰
410 2043 532 2128 patriae
562 2043 665 2126 gentis
687 2064 745 2127 pro
767 2044 944 2126 peregrinis
965 2045 1093 2128 penitus
1115 2043 1212 2128 depo-

97 2135 216 2190 suerat.
259 2125 372 2211 Itaque
393 2127 426 2188 in
447 2125 660 2190 miserandam
688 2128 847 2190 fortunam
869 2149 919 2190 res
940 2127 1067 2211 penitus
1090 2126 1214 2210 dilapsa

98 2219 157 2291 est,
180 2219 217 2274 ut
238 2221 270 2274 et
290 2210 431 2274 moribus
458 2210 597 2294 degener
617 2219 649 2273 et
669 2209 824 2294 regnandi
846 2211 1033 2294 impotentia
1060 2208 1212 2294 inglorius

97 2302 196 2375 esset3
230 2298 280 2357 *et
312 2294 367 2378 qui
398 2292 494 2379 paulo
522 2304 595 2358 ante
624 2316 682 2356 rex
709 2315 842 2378 genere,
874 2293 959 2357 fama
985 2302 1080 2378 atque
1111 2294 1330 2378 copiis·r01.rr.

97 2386 223 2464 potens,
245 2398 330 2439 nunc
352 2399 538 2441 erumnosus
562 2386 593 2440 et
614 2378 717 2461 inops,
739 2378 785 2442 rei
799 2375 962 2440 familiaris
978 2376 1072 2440 simul
1087 2386 1118 2440 et
1132 2375 1212 2440 mili-

96 2461 175 2525 taris
208 2459 387 2526 calamitate
419 2459 585 2524 sualeret.
635 2461 696 2524 His
723 2461 891 2524 Lotharius
920 2484 978 2534 rex
1010 2483 1068 2545 per
1096 2458 1211 2524 multos

98 2545 246 2643 cognitis,
279 2543 379 2607 filium
408 2483 483 2608 inde
511 2565 662 2608 revocare
689 2544 865 2690 cogitabat3
897 2567 962 2608 non
991 2546 1149 2630 ignorans,
1178 2544 1213 2607 in

96 2650 191 2714 perus
213 2650 285 2692 eum
306 2627 480 2714 lapsurum,
503 2650 575 2691 cum
597 2627 661 2690 illic
682 2627 736 2692 nul
749 2650 803 2691 um
818 2628 981 2713 dignitatis
996 2629 1103 2712 regiae
1117 2627 1213 2692 habe-

96 2722 148 2776 ret
180 2710 342 2775 honorem.
397 2713 585 2797 Equitatum
618 2713 726 2798 itaque
754 2721 847 2797 parat
878 2711 979 2776 filium
1010 2713 1211 2798 repetiturus.

96 2795 305 2942 Agnitaniam
334 2796 516 2879 ingressus,
545 2795 699 2859 Briddam
728 2796 831 2880 petiit.
886 2795 1003 2861 Filium
1035 2797 1150 2894 repetit
1182 2806 1213 2860 ct

96 2902 131 2943 re
156 2881 231 2943 ucit.
275 2879 399 2963 Regina
427 2901 496 2943 sese
517 2879 681 2943 viduatam
702 2878 822 2962 dolens,
843 2889 874 2944 et
894 2881 995 2944 verita
1016 2880 1145 2943 maioris
1166 2880 1213 2942 in·
1278 2882 1282 2892 '

98 2961 259 3026 commodi
273 2963 431 3045 iniuriam,
446 2961 632 3027 Wilelmum
647 2962 865 3027 Arelatensem
885 2964 964 3028 adiit
982 2965 1074 3050 eique
1094 2964 1212 3049 nupsit.

96 3046 142 3110 Et
164 3047 209 3110 sic
232 3069 273 3110 ex
295 3047 431 3110 divortio
453 3045 643 3110 adulterium
665 3045 831 3131 publicum
854 3056 1019 3132 operatum
1040 3055 1098 3110 est.

468 3169 518 3231 96.
563 3166 679 3232 Obitus
702 3164 838 3229 Ottonis.

182 3268 255 3331 Hac
276 3277 464 3353 tempestate
480 3269 557 3334 Otto
580 3290 652 3332 cum
675 3265 840 3330 barbaris²
863 3287 1063 3411 consgressus,
1085 3266 1273 3330 misera-or.

96 3350 157 3417 bili
177 3351 323 3416 fortunae
346 3353 523 3417 succubuit.
562 3351 646 3415 Nam
668 3360 700 3414 et
721 3351 896 3414 exercitum
930 3371 1023 3412 usum
1044 3349 1160 3429 amisit,
1183 3358 1213 3413 et

96 3436 108 3498 i
134 3457 169 3498 se
202 3446 313 3520 captus
343 3434 383 3499 ab
411 3435 565 3518 hostibus,
598 3435 706 3499 divina
731 3455 808 3499 vero
837 3434 940 3518 gratia
970 3453 1116 3496 reversus
1143 3431 1211 3496 fuit.

126 3528 177 3583 ost
199 3540 271 3582 cum
293 3542 335 3583 ex
356 3518 568 3603 indigestione
589 3520 710 3583 Romae
740 3517 898 3589 laboraret
920 3524 951 3580 et
971 3515 1112 3580 intestini
1128 3516 1209 3661 ⁸3¹³
1222 3539 1272 3584 oso.

95 3601 188 3668 balas
221 3625 263 3666 ex
295 3601 499 3666 melancolico
531 3603 663 3666 humore
694 3611 863 3686 pateretur,
897 3599 987 3664 aloen
1016 3599 1057 3663 ad
1086 3621 1152 3684 pon
1175 3621 1212 3661 us

96 3685 303 3770 dragmarum
325 3696 461 3772 quatuor
476 3687 619 3751 sanitatis
634 3687 748 3750 avidus
763 3685 907 3769 sumpsit.
944 3681 1213 3768 Conturbatisque

95 3770 284 3845 visceribus,
306 3770 422 3833 diarria
437 3772 520 3858 iugis
535 3779 703 3855 prosecuta
718 3778 774 3833 est.
811 3769 910 3834 Ouius
925 3769 1092 3833 continuus
1107 3766 1213 3830 fluxus

95 3853 292 3918 emorroides
323 3856 484 3918 tumentes
515 3855 703 3940 procreavit.
762 3853 854 3932 Quae
891 3853 987 3916 etiam
1024 3853 1212 3936 sanguinem

94 3936 342 4001 immoderatum
365 3938 569 4020 effundentes,
591 3947 727 4001 mortem
748 3946 822 4021 post
842 3937 909 4000 dies
931 3957 996 3999 non
1016 3934 1123 4021 plures
1140 3957 1212 4021 ope-

93 4029 185 4085 ratae
207 4031 289 4085 sunt.

94 4163 119 4217 a)
136 4165 182 4216 Ad,
198 4165 235 4216 do,
250 4165 283 4218 ln,
299 4166 325 4217 tl,
341 4176 370 4206 vo
386 4166 443 4208 abac.
509 4163 532 4217 b)
549 4167 633 4215 aarum
648 4165 771 4214 appositum
786 4169 893 4204 auctorem
909 4164 1013 4213 quaedam
1028 4162 1105 4202 addere
1120 4161 1211 4201 votuisse

94 4224 197 4276 osenna,
214 4235 269 4273 quae
278 4224 369 4273 frastra
385 4235 486 4274 quaeras.
548 4223 568 4274 c)
585 4227 667 4268 Vestes
684 4226 704 4266 1.
766 4221 789 4275 d)
806 4224 922 4266 wilelmo.

173 4315 202 4384 1)
221 4319 307 4370 Aliter
322 4335 365 4372 res
384 4326 473 4373 narrat
491 4318 621 4370 Rodulfus
641 4318 749 4371 Glaber.
824 4316 853 4383 2)
872 4319 891 4370 i.
911 4333 935 4369 e.
956 4317 1106 4368 Saracenis.
