2820 4824
196 374 230 424 76
456 371 610 424 RICHERI
629 371 879 424 HISTORIARUM
898 371 1009 424 LIBER
1028 373 1067 425 11.

133 542 307 627 uerique³
337 540 546 624 mancipatus.
598 537 655 602 Ille
681 561 757 603 vero
785 561 836 602 me
864 539 987 623 eripere
1015 537 1191 621 simulans,
1215 541 1313 607 hlilios

196 646 286 689 meos
315 624 384 689 iure
414 623 562 688 obsidum
592 622 712 686 dandos
742 623 879 708 petebat.
929 622 975 686 At
1002 623 1042 686 iis
1071 625 1130 709 qui
1151 623 1236 688 mihi
1256 625 1312 691 fide

197 707 339 774 adiuncti
366 717 456 771 erant
484 719 614 770 omnes⁰
644 706 734 770 dari⁰
761 705 1018 789 reclamantibus,
1041 707 1178 772 dimisso
1202 731 1313 792 uno,a

196 793 309 878 piratis
330 813 382 854 me
402 813 474 856 rece
498 791 533 854 it.
576 791 646 854 Iam
667 788 845 854 libertatem
868 813 1008 875 speram,
1032 813 1096 876 quo
1116 793 1249 858 animus
1262 795 1312 859 im-

196 873 328 962 pelleret
354 876 400 938 ire
428 813 585 939 voidbam.
629 873 750 938 Verum
779 872 869 939 aliter
897 875 1082 959 provenisse
1110 879 1312 942 manifestum

197 969 254 1025 est.
312 957 394 1022 Nam
431 967 560 1045 captum
593 979 670 1022 mox
705 960 740 1021 in
771 956 901 1022 vincula
932 960 1089 1024 coniecitd
1118 982 1159 1024 ac
1189 962 1312 1027 annuali

198 1043 318 1108 carceri
339 1043 565 1128 mancipavit‘l.
616 1041 710 1106 Unde
733 1064 806 1106 cum
828 1065 848 1106 a
870 1043 1012 1127 cognatis
1042 1052 1075 1107 et
1096 1046 1217 1110 amicis
1239 1048 1311 1111 meis

196 1126 264 1193 indi
288 1126 458 1191 nantibusc
478 1149 548 1192 sese
570 1124 788 1212 impetendum
810 1125 996 1209 adverteret,
1016 1125 1228 1194 libertatem⁰
1249 1153 1311 1217 spo·

221 1233 262 1275 011
287 1211 329 1275 't‘
364 1212 391 1274 si
416 1210 610 1276 Laudunum
636 1210 824 1295 acciperet‘.
867 1209 940 1273 Hoc
976 1220 1099 1275 tantum
1131 1212 1310 1294 claudebar,

196 1233 257 1360 doe
291 1316 357 1359 soo
391 1317 464 1359 cum
496 1316 596 1358 uxore
629 1305 660 1359 et
691 1295 773 1358 natis
800 1295 865 1357 reci
889 1293 987 1358 ieber.
1038 1295 1128 1376 Quid
1153 1297 1311 1364 facerem?

199 1379 312 1445 Castro
334 1380 434 1444 vitam
456 1379 616 1464 preposui.
659 1379 722 1442 Pro
746 1387 850 1442 castro
865 1316 1048 1443 libertatem
1069 1383 1187 1446 merui.
1223 1383 1265 1448 Et
1278 1405 1309 1447 en

80 1463 347 1529 ‘roranomnibus
378 1464 539 1548 privatus,
573 1463 714 1526 omnium
744 1484 839 1560 opem
871 1461 1026 1547 deposco!
1072 1464 1156 1528 *His
1191 1467 1221 1530 si
1252 1467 1308 1531 dux

198 1548 356 1612 contraire
371 1546 496 1628 audeat,
508 1546 600 1610 nobis
614 1554 737 1610 tantum
754 1545 954 1630 smgulariter
968 1548 1250 1631 congrediendum
1261 1552 1307 1615 sit.

408 1649 458 1712 74.
494 1649 630 1712 Oratio&
651 1647 820 1713 Rotbertir
843 1670 903 1733 pro
924 1647 1101 1716 Ludovico.
1180 1641 1184 1648 ’

283 1749 429 1830 Qubush
461 1749 568 1835 palam
589 1749 815 1849 promulgatis,
848 1749 1019 1815 Rotbertus
1047 1753 1306 1851 metropolitanus

198 1834 369 1899 subinfert:
392 1834 751 1920 ‘Quoniam⁷,1nquiens,
774 1833 893 1897 ‘domni
906 1843 1002 1920 atque
1018 1837 1222 1903 serenissrmi
1236 1839 1306 1924 regis

199 1920 275 1982 satis
297 1917 436 1982 breviter
457 1939 496 1981 ac
517 1916 654 1982 dilucide
677 1918 842 2002 digestam,
866 1919 994 2016 optime,
1016 1928 1052 1982 ut
1070 1919 1226 2004 arbitror,
1248 1945 1305 1987 con·

198 2002 397 2089 questionem
418 2002 629 2088 percepimus,
653 2023 849 2088 consequens
870 2001 1004 2084 vrdetur,
1027 2011 1063 2066 ut
1084 2005 1156 2068 eius
1178 2027 1305 2088 causam,

197 2087 231 2150 in
253 2095 406 2174 quantum
428 2085 476 2150 fas
499 2095 555 2167 est,
586 2085 841 2150 determinemus.
891 2085 970 2149 Dux
997 2108 1073 2171 ergo
1103 2090 1185 2174 quia
1214 2091 1306 2155 omnia

197 2194 279 2256 pene
305 2171 396 2256 regni
423 2172 493 2234 iura
521 2170 555 2233 in
577 2192 645 2235 sese
667 2169 845 2252 transfudit,
876 2171 904 2234 ei
928 2193 967 2234 ue
988 2168 1112 2234 viribus
1136 2175 1234 2238 reniti
1254 2197 1305 2238 non

196 2254 349 2336 valemus,
376 2256 484 2320 mitius
515 2254 575 2317 hoc
604 2253 856 2339 attemptandum
885 2191 1029 2335 aibitror,
1058 2263 1094 2318 ut
1124 2258 1183 2355 qui
1212 2260 1304 2323 Deum

195 2362 260 2404 non
280 2340 393 2404 metuit
420 2350 452 2404 et
479 2337 641 2403 hominem
666 2359 731 2401 non
758 2347 928 2420 reveretur,
955 2337 1055 2402 multa
1080 2349 1210 2407 retrone
1239 2341 1304 2406 mul·

195 2434 290 2509 taque
312 2445 418 2486 rerum
444 2422 696 2488 consideratione
713 2420 765 2491 ,ad
792 2443 936 2486 normam
957 2421 1029 2485 Deo
1058 2423 1196 2490 iuvante
1223 2427 1302 2491 redu-

196 2517 295 2572 catur.
350 2508 453 2590 Igitur
483 2507 575 2570 iuxta
601 2516 728 2592 patrum
757 2504 885 2569 decreta
914 2514 945 2570 et
976 2527 1138 2571 canonum
1171 2511 1302 2596 regulam

180 2591 342 2676 inprimis
364 2589 406 2653 ad
427 2589 674 2654 satisfactionem
693 2589 831 2654 fraterne
853 2588 1042 2654 monendusi
1072 2601 1122 2656 est
1143 2595 1301 2681 verbisque

195 2675 346 2738 suasoriis
379 2672 420 2736 ad
452 2672 486 2735 id
518 2673 749 2738 modestissime
781 2673 1008 2738 revocandusk.
1060 2675 1160 2756 Quod
1188 2681 1218 2742 si
1243 2685 1301 2765 post

195 2756 346 2823 blandam
380 2758 591 2820 revocationis
618 2759 878 2822 ammonitionem
908 2759 1111 2842 resipiscere¹
1139 2763 1293 2827 nolueritm

196 2842 339 2905 omnium
371 2840 570 2905 anathemate
602 2840 747 2924 feriatum
781 2841 842 2904 hoe
863 2840 1014 2906 habentes
1042 2845 1199 2929 presidio,
1230 2808 1300 2934 quod

194 2924 261 2988 iam
289 2945 309 2986 a
338 2922 455 2988 domno
485 2947 572 3009 papa
602 2935 762 2990 correctus
792 2926 833 2989 sit
860 2926 1028 3012 iussusque
1056 2949 1077 2990 a
1106 2927 1234 2995 domini
1263 2928 1299 2994 sui

197 3009 407 3072 insectatione
429 3008 609 3094 quiescere'.
1315 3019 1317 3022 ’

350 3109 399 3173 75.
431 3110 632 3195 Responsion
653 3111 792 3175 Marinin
813 3109 909 3195 legati
930 3124 1011 3196 pron
1034 3112 1160 3179 eodem.

279 3210 386 3298 Atque
407 3210 456 3276 his
478 3211 613 3275 domnus
634 3212 777 3276 Marinus
800 3213 979 3278 subiunxit:
1015 3214 1246 3301 ‘Reminiscor’,
1264 3219 1298 3281 in·

195 3297 317 3384 quiens,
340 3296 502 3360 ‘domnum
523 3318 643 3381 papam
665 3307 737 3362 ante
759 3297 843 3361 hunc
865 3319 984 3360 annum
1004 3297 1180 3366 anathema
1193 3304 1228 3366 in
1241 3321 1299 3366 reos

194 3382 329 3464 misisse,
353 3381 408 3467 qui
429 3379 514 3444 hunc
536 3379 701 3444 dominum
723 3391 754 3446 et
774 3403 883 3466 regem
897 3381 1095 3446 Francorum
1110 3385 1298 3452 insectabor·

193 3474 261 3549 tur,
292 3463 461 3551 epistolam
490 3485 616 3610 quoque
646 3466 830 3548 suasoriam,
856 3475 891 3530 ut
920 3465 961 3529 ab
989 3487 1027 3531 eo
1055 3488 1122 3530 non
1152 3470 1299 3548 deficiant,

193 3549 285 3615 bonis
308 3549 502 3635 quibuslibet
523 3548 562 3612 de
576 3559 711 3633 egatam,
732 3558 828 3634 atque
850 3551 1111 3635 conquestionem
1130 3553 1172 3618 de
1199 3553 1299 3620 eadem

193 3655 228 3697 re
249 3633 361 3698 litteris
383 3655 569 3717 expressam
590 3633 630 3695 iis
653 3630 769 3719 quibus
791 3634 897 3698 sanior
918 3656 1009 3698 mens
1031 3645 1100 3699 erat
1129 3637 1298 3724 delegatam

193 3717 301 3780 fuisse.
344 3716 439 3780 Unde
462 3725 494 3780 et
515 3718 629 3801 opinor
649 3717 820 3781 iustissime
842 3717 973 3801 dietum,
996 3740 1069 3782 cum
1091 3731 1168 3787 ante
1190 3744 1211 3785 a
1224 3739 1299 3808 papa

193 3808 326 3864 vocatus
348 3808 443 3884 atque
471 3810 630 3865 correctus
660 3802 729 3884 sit¹,
761 3823 846 3865 nunc
877 3824 1003 3888 quoque
1032 3804 1175 3870 caritatis
1207 3805 1299 3892 gratie

193 3882 391 3949 revocandus
417 3891 465 3946 est
485 3892 517 3947 et
531 3882 772 3968 diligentissima
787 3887 942 3970 suasione,
964 3896 1000 3950 ut
1013 3909 1033 3951 a
1048 3888 1142 3952 malis
1158 3891 1299 3976 quiescat,

252 4024 275 4077 a)
291 4037 334 4076 per
348 4037 435 4066 annum
451 4027 500 4068 add.
518 4029 538 4066 1.
597 4026 621 4080 b)
638 4029 696 4070 duos
711 4030 761 4070 add.
772 4033 793 4073 1.
855 4027 876 4080 c)
889 4037 940 4080 post
955 4032 1004 4073 aad.
1065 4029 1089 4084 d)
1107 4035 1195 4074 conicit
1208 4041 1300 4073 -men

193 4084 256 4134 elpat
271 4087 292 4126 1.
359 4083 382 4136 e)
404 4085 504 4125 redlturn
521 4087 542 4137 1,
565 4098 622 4128 corr.
640 4089 660 4128 2.
728 4087 746 4141 t)
767 4090 866 4140 spondet
887 4111 913 4120 -
935 4091 1033 4140 accipiat
1049 4092 1070 4130 1.
1139 4091 1164 4144 g)
1186 4093 1227 4146 Or,
1247 4090 1299 4133 berti

193 4143 249 4185 uteo.
324 4141 348 4194 h)
368 4145 432 4183 rodes
451 4144 496 4183 alie
511 4151 638 4195 atramento,
653 4147 752 4197 fortasse
772 4149 818 4188 aliu
835 4150 907 4199 perpe
922 4160 989 4188 mauu
1003 4150 1173 4204 (amanuensem).
1237 4149 1254 4204 i)
1268 4159 1299 4190 vo

193 4202 281 4242 candus
298 4204 318 4242 1.
393 4200 417 4254 k)
434 4205 577 4245 revocandos
595 4207 615 4247 1.
682 4205 699 4258 l)
714 4208 856 4258 resipeseere
873 4211 894 4249 1.
968 4206 1000 4259 m)
1017 4210 1088 4251 tertia
1103 4210 1173 4253 huius
1183 4211 1258 4253 sinodi
1268 4209 1299 4250 dle

192 4262 243 4302 add.
261 4263 280 4303 1.
342 4258 366 4313 n)
382 4262 437 4314 Res,
453 4261 497 4315 Ma,
513 4275 555 4313 pro
572 4276 599 4307 eo
615 4265 671 4305 abac.

268 4356 295 4420 1)
316 4371 354 4409 sc.
374 4357 463 4424 Hugo.
