2820 4824
336 371 490 423 RIOHERI
509 372 760 424 HISTORIARUM
779 373 891 424 LIBER
910 374 963 424 ΙΙΙ.
1163 377 1215 426 125

168 564 170 569 ·
269 539 338 602 104.
381 539 433 603 De
455 539 612 624 repetitoa
634 538 800 603 Virdunoa
822 550 864 602 aa
885 540 1046 605 Lethario.

180 640 377 707 Nuntiantur
398 639 477 704 haec
491 639 652 703 Lothario.
698 641 762 720 Qui
783 650 906 705 tantum
920 642 1044 708 facinus
1059 645 1213 710 accidisse
1224 671 1274 712 aar.

93 727 251 790 acerrime
273 724 467 808 indignatus,
490 724 667 788 exercitum
689 724 855 789 dimissum
881 729 1051 792 revocavit.
1098 728 1141 791 Et
1168 730 1214 792 sic

94 831 172 874 cum
197 808 300 872 10000
329 816 544 892 pugnatorum
568 807 747 871 Virdunum
770 810 862 893 petiit
889 820 985 895 atque
1012 811 1212 876 adversarios

93 893 282 979 repentinus
303 913 473 976 aggressus
495 900 571 955 est¹.
615 891 723 955 Primo
750 893 873 978 impetu
900 895 1075 979 sagittariib
1104 904 1215 960 contra

92 977 204 1041 hostes
221 974 358 1039 ordinati
373 983 455 1038 sunt.
498 975 679 1061 Missaeque
696 976 830 1059 sagittae
846 985 878 1040 et
892 977 1122 1043 arcobalistaec
1138 1001 1213 1044 cum

93 1060 168 1124 aliis
189 1057 362 1122 missilibus
383 1067 449 1122 tam
471 1057 588 1122 densae
603 1059 636 1122 in
651 1081 722 1124 aere
737 1059 966 1142 discurrebant,
989 1071 1024 1126 ut
1038 1083 1057 1124 a
1071 1063 1212 1128 nubibus

93 1142 197 1208 dilabi
222 1153 368 1228 terraque
398 1164 569 1226 exsurgere
591 1143 783 1206 viderentur.
827 1143 951 1208 Horum
981 1156 1092 1209 contra
1113 1147 1213 1232 impe-

94 1237 167 1292 tum
195 1225 388 1291 testudinem
415 1237 487 1290 ante
515 1247 549 1290 se
572 1235 603 1290 et
632 1247 728 1311 super
750 1228 854 1311 capita
882 1227 989 1292 hostes
1010 1251 1102 1292 muro
1124 1240 1213 1314 apta-

93 1333 183 1375 vere.
241 1310 280 1373 In
309 1331 406 1396 quam
437 1309 532 1374 relisa
560 1308 694 1373 missilia
735 1312 803 1374 ictu
819 1311 978 1387 ¹frustrato
1011 1313 1213 1378 decidebant.

94 1393 172 1459 Hoc
200 1395 244 1457 im
270 1403 323 1458 etu
349 1391 443 1476 fact0,
474 1392 578 1459 Gallis
604 1393 850 1480 circumquaque
880 1393 1077 1460 obsidionem
1107 1395 1212 1482 dispo-

94 1500 200 1542 suere.
242 1416 415 1563 dossisque
437 1479 607 1563 preruptis,
636 1475 884 1542 obfirmaverunt
906 1489 1017 1562 castra,
1047 1503 1097 1562 ne,
1123 1481 1150 1544 si
1172 1480 1212 1545 ad

94 1564 244 1627 incautos
266 1561 441 1625 adversarii
462 1561 653 1647 prosilirent,
683 1581 847 1625 accessum
875 1562 1001 1628 facilem
1023 1564 1212 1629 invenirent.

212 1681 281 1748 105.
325 1679 542 1766 Compositio⁰
565 1680 730 1744 cuiusdam
752 1683 937 1748 machinaee
959 1682 1102 1748 bellicae.

184 1781 329 1863 Quercus
374 1803 499 1847 roceras
520 1781 673 1847 radicitus
695 1784 836 1847 succisas
858 1784 900 1847 ad
921 1784 1101 1848 machinam
1124 1784 1213 1849 belli-

96 1889 171 1931 cam
205 1876 338 1931 extruen
362 1887 413 1929 am
446 1865 654 1930 advexerunt.
708 1866 762 1929 Ex
792 1867 908 1952 quibus
942 1878 1078 1954 quatuor
1108 1869 1213 1935 trabes

95 1951 292 2016 tricenorum
320 1951 443 2037 pedum
472 1958 650 2014 straverunt
677 1948 753 2030 solo,
783 1951 828 2014 ita
854 1960 890 2014 ut
917 1951 1001 2015 duae
1027 1953 1061 2014 in
1082 1951 1213 2037 longum

96 2035 261 2121 proiectae
282 2043 314 2098 et
334 2033 446 2098 decem
472 2032 591 2117 pedum
619 2032 784 2098 intervallo
806 2033 972 2098 distinctae
997 2035 1122 2100 duabus
1144 2035 1213 2100 aliis

96 2139 157 2202 per
178 2129 393 2183 transversum
416 2117 528 2181 eodem
543 2115 707 2181 intervallo
726 2117 1000 2201 superiacentibus
1017 2116 1211 2183 cohererent.

96 2201 323 2286 Longitudinis
346 2210 377 2265 et
396 2199 571 2264 latitudinis
593 2201 740 2286 spatium,
771 2199 857 2284 quod
882 2201 966 2264 intra
987 2202 1211 2265 commissuras

97 2307 209 2352 earum
237 2284 418 2366 tenebatur,
453 2285 564 2348 decem
598 2284 718 2370 pedum
748 2294 824 2348 erat.
875 2285 1038 2369 Quicquid
1068 2285 1164 2348 etiam
1191 2307 1211 2348 a

97 2369 316 2435 commissuris
338 2381 428 2432 extra
449 2370 627 2454 proiectum
649 2378 725 2449 erat,
755 2365 851 2432 simili
871 2367 967 2431 modo
990 2367 1101 2432 decem
1122 2367 1211 2453 pedi-

95 2453 160 2518 bus
183 2452 431 2517 distendebatur.
474 2453 513 2515 In
539 2451 651 2514 harum
678 2450 817 2515 trabium
839 2452 1054 2515 commissuris
1077 2461 1212 2537 quatuor

96 2535 238 2601 sublicas
264 2536 541 2622 quadragenorum
567 2535 695 2620 pedum,
747 2534 878 2599 uadrato
909 2535 1037 2621 quidem
1063 2544 1210 2618 scemate,

97 2619 157 2684 sed
178 2641 322 2704 precere,
350 2640 452 2704 aequo
475 2620 577 2705 spatio
607 2641 626 2682 a
655 2641 688 2682 se
717 2557 879 2701 (listantes,
907 2618 1058 2682 adhibitis
1085 2618 1211 2684 trocleis

97 2713 280 2768 erexerunt.
324 2703 663 2789 Transposueruntque
684 2702 735 2767 bis
757 2726 814 2789 per
836 2711 973 2788 quatuor
996 2701 1095 2767 latera
1116 2703 1212 2768 festu-

96 2809 154 2853 cas
177 2786 287 2852 decem
304 2786 438 2933 lpedum,
459 2789 492 2850 in
513 2787 618 2850 medio
641 2786 762 2852 scilicet
783 2797 814 2852 et
835 2788 869 2850 in
893 2809 1028 2870 summo,
1051 2809 1132 2872 quae
1151 2797 1212 2850 tra-

96 2871 216 2935 ductae
244 2871 381 2934 subices
407 2870 468 2935 sibi
493 2871 615 2935 fortiter
639 2880 850 2936 annecterent.
892 2870 924 2935 Α
950 2869 1110 2956 capitibus
1136 2891 1212 2935 vero

95 2954 249 3036 trabium,
278 2953 393 3040 quibus
415 2953 554 3018 sublicae
570 2955 766 3036 nitebantur,
795 2964 931 3040 quatuor
951 2955 1058 3019 trabes
1079 2954 1212 3020 eductae

97 3050 131 3104 et
161 3060 243 3124 pene
272 3060 373 3123 usque
404 3037 446 3101 ad
473 3037 611 3103 festucas
641 3039 820 3183 superiores
851 3037 1047 3122 obliquatae,
1080 3038 1211 3102 sublicis

95 3124 155 3186 iun
180 3122 323 3203 ebantur,
348 3131 383 3186 ut
404 3122 450 3184 sic
471 3145 512 3187 ex
535 3123 580 3186 eis
601 3143 672 3184 mac
696 3122 749 3183 ina
770 3121 968 3184 extrinsecus
995 3121 1121 3185 firmata
1147 3143 1213 3185 non

95 3143 261 3271 titubaret.
317 3204 422 3290 Super
452 3205 589 3269 festucas
622 3226 748 3289 quoque
758 3204 777 3286 f,
811 3225 892 3288 quae
924 3204 959 3266 in
986 3204 1092 3267 medio
1119 3214 1151 3268 et
1179 3205 1212 3267 in

96 3310 224 3355 summo
239 3289 418 3352 machinam
434 3288 650 3370 conectebant,
671 3288 761 3373 tigna
776 3295 964 3351 straverunt.
1009 3287 1100 3366 Quae
1116 3287 1210 3351 etiam

96 3372 240 3438 cratibus
268 3380 492 3455 contexerunt,
521 3394 618 3457 super
639 3393 718 3458 quas
740 3371 921 3434 dimicaturi
943 3379 1060 3441 stantes
1083 3379 1115 3433 et
1136 3371 1211 3434 emi-

95 3457 259 3522 nentiores
287 3455 372 3535 facti,
406 3456 623 3521 *adversarios
656 3455 804 3519 deorsum
836 3452 949 3517 iaculis
982 3462 1013 3518 et
1049 3451 1259 3537 lapidibus⁸u
1275 3471 1326 3514 sao.

96 3539 279 3606 obruerent.
330 3540 424 3604 Hanc
451 3539 567 3604 molem
601 3548 778 3604 extructam
807 3538 849 3602 ad
874 3538 1042 3602 stationem
1069 3536 1210 3616 hostium

95 3623 258 3690 deducere
285 3622 476 3708 cogitabant.
521 3623 586 3688 Sed
613 3625 689 3710 quia
717 3645 753 3686 sa
776 3622 899 3685 ittarios
928 3629 1093 3707 suspectos
1114 3619 1210 3684 habe-

93 3707 185 3787 bant,
208 3707 363 3771 rationem
385 3706 569 3793 querebant,
597 3728 661 3792 qua
681 3706 765 3771 hostr
790 3728 826 3769 us
850 3707 917 3770 sine
939 3726 1070 3769 suorum
1090 3701 1211 3769 lesione

94 3791 379 3876 appropinquaret.
409 3791 552 3855 Tandem
567 3792 687 3855 ratione
704 3788 850 3854 subtilius
864 3797 1091 3875 perscrutante,
1106 3810 1210 3874 reper-

94 3885 168 3940 tum
190 3883 247 3956 est,
270 3894 341 3937 eam
362 3874 404 3938 ad
425 3875 530 3938 hostes
553 3875 673 3960 optima
694 3883 761 3938 arte
783 3873 911 3938 detrudi
931 3895 1034 3959 posse.

158 4071 180 4124 a)
197 4074 233 4112 De
249 4083 266 4122 r,
278 4073 304 4122 V,
326 4083 340 4111 u
361 4073 417 4111 abac.
507 4069 531 4123 b)
548 4073 652 4120 sagitarll
674 4076 694 4113 1.
785 4071 805 4123 c)
823 4074 915 4114 archob.
934 4076 954 4114 1.
1044 4069 1067 4122 d)
1086 4077 1137 4121 post
1160 4072 1212 4112 add.

95 4130 119 4182 c)
138 4131 204 4182 Com,
220 4142 242 4169 m
258 4131 315 4170 abac.
391 4129 409 4181 f)
426 4142 436 4170 e
452 4141 508 4170 corr.

97 4335 114 4385 d
175 4259 205 4328 1)
223 4262 300 4312 Haec
320 4263 417 4314 dubiae
437 4262 501 4312 fidei
520 4277 587 4325 esse,
606 4262 737 4314 Wilmans
756 4261 775 4312 l.
794 4261 812 4313 l.
834 4267 859 4312 et
872 4262 955 4312 Witte
974 4279 1000 4328 p.
1022 4260 1054 4310 51
1076 4277 1102 4311 n.
1123 4265 1212 4311 osten-

117 4340 204 4386 erunt.
