2820 4824
311 361 464 412 RICHERI
484 361 736 414 HISTORIARUM
755 361 866 412 LIBER
887 364 909 416 Ι.
1137 362 1170 412 25

57 533 137 595 sime
166 531 338 615 unicuique
365 529 509 594 donatur.
560 529 655 593 Unde
684 538 715 593 et
736 550 755 591 a
778 527 957 593 Gisleberto
979 528 1171 611 recedentes,
1182 542 1232 584 ⁹²1·

56 616 125 699 regi
160 613 411 678 constantissime
442 615 640 678 resociantur
672 634 710 675 ao
743 634 814 677 oum
841 614 934 678 eoin
957 610 1172 677 Gislebertum

54 698 208 762 feruntur.
375 711 378 714 ·

141 782 190 846 38.
235 778 434 845 Gislebertus
466 803 542 846 vero
571 783 605 844 in
634 780 752 927 oppido
775 779 924 844 Harburc
936 792 954 863 ¹,
985 779 1070 866 quod
1099 779 1173 843 hinc

55 866 147 930 Mosa
175 873 206 928 et
231 864 306 928 inde
334 863 430 928 Gullo
462 864 568 929 fluviis
596 863 647 930 val
660 875 746 943 atur,
775 885 794 926 a
820 865 922 928 fronte
944 886 1020 929 vero
1041 864 1173 926 immani

54 949 143 1013 hiatu
171 947 333 1034 multoque
355 949 485 1012 horrore
515 949 661 1033 veprium
688 947 852 1011 defensum
874 958 936 1029 est,
967 969 1040 1010 cum
1061 950 1173 1034 paucis

57 1031 274 1097 claudebatur.
317 1032 392 1095 Huc
415 1055 473 1096 rex
495 1053 567 1094 cum
596 1032 739 1094 exercitu
789 1040 917 1114 roperat
944 1030 1090 1116 locatque
1119 1033 1172 1097 ob-

57 1118 230 1199 sidionem,
257 1116 331 1178 hinc
362 1124 394 1179 et
416 1115 506 1178 *inde
527 1113 692 1195 navalem,
721 1136 740 1176 a
760 1053 863 1178 iionte
885 1135 962 1177 vero
985 1114 1223 1200 equestrem.'1>·
1240 1118 1292 1160 ⁵⁸⁰·

55 1202 95 1264 In
117 1202 208 1264 euius
238 1198 475 1283 expugnatione
505 1219 578 1260 cum
607 1198 797 1282 persisteret,
821 1196 1040 1262 Gislebertus*
1066 1197 1174 1260 navali

56 1285 136 1370 fuga
166 1281 326 1347 dilabitur.
377 1281 540 1366 Oppidani
568 1302 643 1345 vero
668 1282 799 1366 capti**,
829 1281 863 1343 in
888 1282 971 1366 regis
1001 1281 1173 1346 deveniunt

56 1369 240 1431 iussionem.
285 1364 481 1430 Gislebertus
503 1375 608 1429 autem
625 1387 698 1428 cum
715 1365 839 1429 duobus
854 1364 1021 1447 clientulis,
1042 1374 1175 1451 paterna

56 1451 231 1515 hereditate
260 1450 417 1535 privatus,
444 1449 589 1512 Rhenum
618 1448 803 1513 exulaturus
831 1450 1011 1534 pertransit.
1060 1449 1109 1514 lbi
1134 1472 1173 1514 ue

83 1557 117 1598 er
139 1555 238 1597 annos
260 1533 488 1618 aliquotapud
509 1533 698 1597 Heinrieum
721 1555 865 1596 socerum
889 1532 1041 1618 deceptus
1057 1472 1173 1597 exulat.

57 1559 198 1682 idvoluto
221 1626 327 1681 autem
349 1616 470 1703 aliquot
492 1639 646 1681 annorum
675 1627 833 1702 tempore,
865 1617 1060 1681 Heinricusa
1088 1617 1175 1702 apud

56 1724 167 1787 regem
190 1703 353 1766 suasoriea
376 1702 450 1786 egit,
472 1711 507 1764 ut
530 1701 728 1766 Gislebertus
751 1711 954 1766 revocaretur
976 1724 1013 1765 ac
1035 1702 1068 1764 in
1089 1702 1173 1786 regis

57 1788 193 1873 gratiam
225 1796 450 1864 resumeretur,
481 1808 520 1848 ea
551 1808 626 1850 vero
656 1807 762 1850 rerum
786 1785 981 1866 conditione,
1011 1793 1059 1866 ut,
1087 1786 1173 1869 regis

59 1871 214 1935 sententia
241 1893 283 1934 ex
316 1867 437 1932 collatis
470 1868 633 1933 beneficiis
664 1871 871 1952 intemerata,
905 1867 1103 1934 Gislebertus
1136 1891 1174 1933 ea

57 1964 181 2019 tantum
209 1952 309 2099 regali
339 1951 505 2016 clementia
532 1955 700 2038 reciperet,
732 1975 868 2039 quorum
897 1975 1095 2039 possessores
1117 1975 1175 2038 per

58 2049 105 2102 tot
127 2039 176 2101 sui
199 2039 250 2102 exi
263 2039 283 2100 ii
307 2045 452 2122 tempora
472 2037 537 2098 iam
560 2037 736 2102 obierant2.

142 2122 192 2185 39.
236 2119 306 2184 *Ab
346 2120 442 2184 exilio
473 2121 582 2206 itaque
614 2132 797 2202 revocatus,
834 2121 918 2203 regis
950 2121 1086 2204 gratiam
1118 2133 1292 2204 pernorro‘.

57 2205 246 2268 Heinrieum
269 2215 416 2285 meretur,
439 2225 478 2267 ea
498 2213 614 2285 tamen,
636 2215 672 2267 ut
692 2204 814 2267 dietum
836 2213 898 2283 est,
921 2202 1118 2284 conditione,
1140 2212 1176 2266 ut
1186 2196 1235 2237 ⁹²²·

58 2287 263 2352 abeneficiis
295 2309 376 2372 quae
397 2285 570 2352 insolenter
599 2288 784 2367 diduxerat,
808 2287 948 2372 quandiu
976 2306 1174 2371 possessores

58 2373 211 2449 viverent,
235 2380 350 2452 careat,
373 2392 412 2434 ea
432 2391 509 2434 vero
532 2392 667 2454 quorum
688 2392 888 2456 possessores
914 2393 973 2455 per
994 2390 1092 2432 annos
1120 2368 1174 2430 ali-

60 2464 138 2540 quot
160 2453 303 2517 obierant
323 2455 409 2536 regis
423 2453 625 2518 miseratione
639 2463 770 2539 repetat.
814 2455 942 2539 Recipit
963 2455 1070 2538 itaque
1093 2473 1174 2537 quae

60 2559 79 2600 a
109 2537 266 2602 defunctis
296 2538 425 2622 quidem
457 2536 607 2601 derelicta
637 2538 808 2620 vacabant,
840 2539 1014 2601 maximam
1045 2557 1174 2600 suarum

57 2644 163 2701 rerum
185 2623 337 2707 partemb,
361 2622 552 2703 Treieetum,
574 2621 744 2706 Iuppilam,
768 2621 979 2703 Harstalium,
1003 2620 1173 2703 Marsuam,

57 2706 245 2788 Littam⁰·³,
269 2704 544 2791 capraemontem.
590 2706 715 2786 Quibus
737 2705 870 2788 habitis,
892 2705 1031 2770 Karolus
1060 2728 1118 2770 rex
1140 2707 1173 2768 in

59 2789 213 2855 Celticam
247 2789 346 2871 redit,
369 2789 588 2872 Nortmannis,
617 2791 671 2876 qui
702 2799 861 2854 extremos
895 2789 1071 2854 Galliarum
1094 2789 1173 2853 fines

57 2873 136 2938 locis
158 2874 325 2938 maritimis
346 2873 546 2956 infestabant,
571 2895 608 2938 co
633 2875 700 2938 iasd
721 2874 836 2938 inferre
852 2897 977 2958 parans.
1021 2874 1173 2938 Heinrioo

57 2981 134 3023 vero
162 2968 249 3021 trans
278 2956 425 3022 Rhenum
458 2968 568 3022 contra
623 2969 759 3022 armatas
788 2959 943 3043 profecto,
974 2956 1173 3022 Gislebertus

59 3065 117 3126 per
139 3063 213 3105 suos
240 3042 423 3106 immaniter
443 3043 584 3106 vexabat
614 3050 645 3105 et
675 3043 831 3107 atterebat
860 3065 915 3106 eos
943 3043 998 3126 qui
1027 3041 1066 3105 ab
1097 3063 1173 3124 rege

59 3147 118 3188 sua
147 3125 222 3189 data
251 3124 445 3189 obtinebant.
493 3123 583 3189 Alios
613 3125 808 3190 clandestina
836 3127 1001 3190 invasione
1028 3146 1174 3205 enecans,

58 3208 136 3272 alios
158 3210 353 3272 incessanter
374 3219 410 3272 ut
430 3230 489 3272 sua
509 3207 689 3293 relinquant
710 3208 878 3295 adurgens,
902 3209 1030 3274 tandem
1056 3209 1176 3272 evincit

59 3293 189 3378 suisque
212 3291 359 3356 omnibus
381 3293 516 3377 potitur,
549 3293 756 3357 truculentius
779 3294 895 3358 exinde
923 3294 956 3357 in
977 3316 1086 3378 regem
1108 3315 1173 3354 ma-

59 3377 200 3440 chinans.
245 3377 399 3440 Socerum
420 3378 530 3462 itaque
550 3375 617 3439 adit
639 3377 731 3462 eique
753 3376 793 3440 ab
815 3400 890 3462 rege
908 3377 1080 3459 dissuadet,
1104 3374 1173 3440 Gel-

57 3462 155 3524 ticam
183 3457 280 3523 solam
309 3462 377 3544 regi
405 3483 499 3547 posse
529 3459 674 3524 sufficere
711 3481 869 3543 asserens,
898 3460 1061 3547 Belgicam
1095 3481 1172 3523 vero

57 3554 153 3630 atque
185 3544 391 3608 Germaniam
418 3567 493 3630 rege
519 3543 581 3608 alio
610 3543 783 3629 plurimum
808 3545 962 3629 indigere.
1015 3544 1109 3610 Unde
1132 3554 1172 3624 et,

132 3707 155 3775 ¹¹)
176 3707 302 3831 {hellam
326 3723 374 3773 per
402 3724 504 3760 murum
532 3709 661 3776 dilapsus,
690 3711 798 3761 fluvium
829 3709 961 3760 enatando
990 3709 1173 3767 transmeavit,

237 3798 249 3831 e
270 3818 276 3830 .

119 3852 156 3920 **)
176 3855 277 3920 absque
298 3853 366 3904 duce
385 3853 473 3905 relicti
492 3855 594 3906 Eitea.

118 3980 205 4034 alpert
221 3983 270 4022 odd.
332 3977 355 4031 b)
369 3981 502 4024 Iul...um
518 3993 610 4024 erasum.
671 3981 691 4034 r)
708 3984 832 4023 vocabulum
848 3993 940 4023 erasnm.
1009 3979 1031 4032 d)
1048 3981 1134 4022 bellum
1152 3983 1173 4020 1.

134 4102 342 4170 1)Hardestein
371 4120 453 4172 prope
484 4105 566 4169 Geu13
604 4123 629 4156 v.
655 4105 735 4159 Mem.
765 4104 911 4156 rouronnds
939 4121 988 4172 par
1015 4106 1110 4156 l’acad.
1140 4106 1174 4156 de

57 4178 197 4229 Bruxelles
218 4178 240 4240 1,
260 4195 286 4244 p.
307 4179 351 4230 41.
437 4178 464 4241 2)
485 4177 525 4229 cf.
544 4179 637 4229 Jahrb.
658 4179 787 4229 Heinrich
807 4178 829 4229 I.
849 4196 875 4244 p.
896 4180 940 4230 49.
1025 4177 1053 4244 3)
1073 4179 1172 4243 Littoy.

58 4251 98 4303 Cf.
120 4251 274 4314 Gerbergae
288 4253 397 4316 reginae
416 4251 585 4303 donationem
597 4253 624 4304 S.
635 4253 759 4318 Remigio
773 4252 899 4302 Remcnsi
918 4268 943 4303 a.
955 4250 1016 4313 968,
1036 4253 1114 4303 Febr.
1129 4253 1171 4301 12.

56 4324 165 4388 factam,
184 4324 309 4390 Bouqnet
327 4325 375 4388 IX,
395 4342 420 4391 p.
442 4324 503 4376 666.
