2820 4824
199 383 252 432 100
442 378 596 430 RIOHERI
614 376 867 428 HISTORIARUM
885 377 996 427 LIBER
1014 374 1068 428 111.

198 570 236 612 ac
257 548 330 611 miri
341 545 390 610 elo
413 545 460 608 uii
480 545 538 626 vir,
560 566 623 630 quo
669 543 852 608 ostmodum
872 553 940 608 tota
955 542 1070 624 Gallia,
1084 543 1172 607 acsia
1186 543 1304 608 lucerna

131 619 140 642 ⁴
197 630 329 695 ardente
367 568 568 694 vibrabunda
599 650 633 691 re
669 626 752 696 lsit1.
804 627 869 708 Qui
900 627 1082 713 Aquitanos
1109 648 1245 711 genere,
1277 629 1304 690 in

198 714 374 779 coenobio²
397 715 499 776 sancti
521 710 710 775 confessoris
735 710 867 775 Geroldi
889 734 909 775 a
929 733 1030 797 puero
1053 710 1136 774 altus
1159 721 1192 775 et
1210 733 1303 797 gram·

198 799 316 862 matioa
342 796 472 861 edoctus
495 805 553 860 est.
596 796 634 858 ln
683 815 724 857 uo
751 804 862 880 utpote
889 793 1074 860 adolescens
1106 816 1183 858 cum
1211 794 1303 860 adhuc

197 882 337 946 intentus
359 890 545 960 moraretur,
574 817 774 943 Borrellumb
805 880 959 942 citerioris
986 879 1167 964 Hispaniae
1199 878 1302 943 ducem

199 965 311 1029 orandi
331 964 435 1048 gratia
455 963 496 1026 ad
517 961 604 1026 idem
626 961 816 1026 coenobium
843 963 976 1045 contigit
1004 961 1183 1026 devenisse.
1229 963 1302 1042 (ὶυίε

199 1071 219 1112 a
240 1047 303 1112 loci
328 1046 444 1111 abbate
470 1046 697 1110 humanissime
725 1067 803 1110 exce
828 1055 896 1127 tus,
925 1056 1000 1144 post
1028 1067 1193 1110 sermones
1223 1056 1301 1132 quot·

198 1127 305 1213 libetd,
327 1153 369 1194 an
389 1131 423 1192 in
444 1129 567 1194 artibus
588 1129 720 1214 perfecti
741 1130 776 1191 in
790 1067 956 1215 llispanils
978 1128 1186 1212 habeantur⁰,
1209 1131 1301 1194 scisci-

197 1225 292 1280 tatur.
337 1213 433 1295 Quod
455 1235 529 1277 curn
550 1214 788 1298 promptissime
811 1223 974 1295 assereret,
997 1214 1027 1277 ei
1048 1235 1126 1277 mox
1141 1211 1184 1277 ab
1199 1213 1301 1278 abbate

198 1321 386 1385 persuasum
415 1308 472 1378 est,
500 1307 536 1361 ut
562 1319 692 1360 suorum
718 1295 857 1382 aliquem
879 1297 1056 1382 susciperet
1085 1297 1301 1382 secumquein

198 1384 319 1447 artibus
341 1381 521 1446 docendum
543 1380 684 1444 duceret
726 1380 807 1442 Dux
820 1381 929 1466 itaque
943 1402 1007 1444 non
1021 1380 1177 1463 abnuens,
1195 1379 1302 1466 petenti

198 1465 371 1532 liberaliter
391 1465 471 1528 favit
492 1485 530 1527 ac
550 1463 684 1527 fratrum
712 1485 868 1528 consensu
890 1462 1084 1528 Gerbertum
1113 1474 1302 1550 assumptum

79 1557 120 1613 ‘n
137 1561 187 1603 ⁶1⁷·
198 1549 293 1613 duxit
327 1559 423 1634 atque
455 1547 589 1610 Hattoni
622 1592 695 1610 .....
705 1546 716 1588 s
745 1549 917 1633 episcopo³
958 1548 1200 1612 *instruendum
1232 1569 1301 1611 com-

197 1635 293 1696 misit.
337 1634 367 1695 A
391 1629 435 1694 ud
458 1652 553 1715 quem
575 1632 671 1694 etiam
692 1631 725 1693 in
747 1631 881 1695 mathesi
902 1629 1074 1716 plurimum
1096 1641 1128 1696 et
1142 1631 1302 1696 efficaciter

198 1715 329 1780 studuit.
368 1655 438 1778 1ded
460 1735 533 1776 cum
554 1713 718 1777 Divinitas
741 1713 880 1778 Galliam
901 1717 966 1778 iam
988 1714 1183 1799 caligantem
1198 1735 1302 1800 magno

195 1799 316 1863 lumine
343 1796 484 1862 relucere
505 1796 622 1879 voluit,
651 1797 803 1896 predictis
830 1798 906 1862 duci
933 1808 965 1862 et
993 1800 1148 1884 episcopo
1176 1808 1302 1864 mentem

197 1883 295 1964 dedit,
324 1892 360 1945 ut
380 1882 516 1965 Romam
546 1891 665 1945 oratum
695 1890 848 1967 peterent.
895 1883 1084 1968 Paratisque
1113 1882 1301 1962 necessariis,

197 1967 257 2032 iter
285 1974 420 2050 carpunt
446 1985 484 2027 ao
509 1963 744 2030 adolescentem
771 1966 977 2029 commissum
1006 1987 1117 2036 secum
1140 1966 1300 2031 deducunt.

196 2050 276 2115 Inde
308 2049 430 2113 Urbem
462 2049 607 2133 ingressi,
637 2060 709 2134 post
741 2070 852 2133 preces
884 2058 957 2113 ante
989 2060 1116 2115 sanctos
1150 2049 1300 2136 apostolos

197 2134 342 2215 effirsass,
375 2131 488 2197 beatae
517 2133 746 2197 recordationis
774 2142 914 2218 papam⁴
937 2179 1069 2197 .....
1076 2134 1091 2174 ¹¹
1121 2134 1243 2200 adeunt
1271 2153 1300 2196 ao

197 2240 267 2283 sese
296 2219 326 2280 ei
358 2216 509 2299 indicant,
543 2216 694 2302 quodque
720 2217 825 2280 visum
854 2227 902 2281 est
929 2217 969 2280 de
998 2238 1056 2281 suo
1084 2217 1300 2282 iocundissima

196 2302 390 2388 impertiunt.

352 2420 403 2484 44.
437 2420 533 2500 Quod
553 2418 648 2483 Attoi
669 2421 791 2484 Romae
813 2421 971 2484 moratusi
992 2418 1155 2483 decessio.

280 2521 348 2586 Nec
379 2520 470 2584 latuit
502 2542 620 2606 papam
655 2520 865 2585 adolescentis
900 2520 1057 2586 industria
1089 2521 1250 2607 simulque
1278 2527 1301 2582 et

197 2605 340 2668 discendi
360 2603 519 2668 voluntas.
570 2603 613 2668 Et
640 2607 716 2688 quia
744 2607 867 2669 musica
896 2615 928 2669 et
948 2605 1145 2669 astronomia
1166 2607 1200 2668 in
1221 2602 1300 2669 Italia

196 2698 273 2752 tunc
301 2688 430 2772 penitus
461 2687 699 2771 ignorabantur,
728 2710 805 2751 mox
829 2711 875 2786 pa
899 2710 918 2751 a
947 2687 1059 2753 Ottoni
1086 2690 1159 2834 regi
1182 2688 1301 2754 Germa·

196 2771 268 2833 niae
304 2779 336 2834 et
369 2768 480 2833 Italiae
515 2781 594 2853 per⁰
630 2769 792 2854 legatum⁰
827 2795 862 2835 m
886 2773 989 2854 'cavit
1021 2770 1098 2835 illuc
1151 2769 1302 2836 uiusmodi

196 2853 365 2917 advenisse
394 2853 564 2933 iuvenem,
598 2855 653 2938 qui
685 2854 851 2920 mathesim
881 2857 1000 2942 optime
1031 2865 1143 2920 nosset
1175 2875 1301 2942 suosque

197 2946 324 3001 strenue
346 2935 460 3000 dooere
481 2934 609 3001 valeret.
652 2937 730 3001 Mox
745 2942 841 3003 etiam
856 2939 896 3004 ab
912 2962 989 3024 rege
1026 2961 1140 3026 apaes
1186 2948 1301 3024 gestum

197 3027 254 3101 est,
283 3028 319 3082 ut
338 3020 488 3084 iuvenem
516 3021 666 3086 retineret
691 3021 878 3122 nullumque
907 3045 999 3108 regre
1024 3023 1109 3087 'endi
1136 2962 1261 3088 ddhtum
1279 3021 1303 3085 ei

196 3102 261 3166 ullo
290 3103 385 3168 modo
414 3104 569 3189 preberet.
614 3103 679 3170 Sed
707 3116 738 3169 et
764 3106 839 3170 duor
868 3116 964 3193 atque
994 3108 1157 3206 episcopo,
1187 3108 1244 3194 qui
1269 3128 1285 3169 a

197 3187 363 3273 Hispaniis
386 3199 609 3271 convenerant,
631 3211 651 3252 a
672 3211 758 3275 papa
772 3190 1005 3255 modestissime
1018 3191 1181 3273 mdicltur,
1203 3211 1303 3276 regen

196 3270 277 3337 velle
299 3270 361 3336 sibi
386 3273 535 3338 iuvenem
562 3272 604 3336 ad
632 3283 760 3359 tempus
787 3276 933 3356 retinere,
963 3296 1002 3338 ac
1031 3297 1096 3338 non
1117 3273 1221 3340 multo
1242 3280 1306 3360 post

198 3378 271 3420 eum
293 3369 381 3421 sesee
404 3378 477 3420 cum
505 3355 625 3422 honore
654 3359 877 3441 remissurum3
910 3360 1041 3443 insuper
1068 3359 1167 3423 etiam
1195 3358 1305 3444 gratias

196 3439 271 3505 inde
292 3449 618 3527 recompensatmum.
660 3440 774 3528 Itaque
796 3442 871 3506 duci
893 3463 932 3505 ac
954 3444 1105 3528 episcopo
1127 3442 1163 3506 id
1185 3461 1306 3528 persus·

197 3546 267 3588 sum
296 3533 353 3607 est,
380 3535 428 3606 ut,
452 3523 513 3588 hoc
538 3533 632 3610 pacto
657 3525 795 3590 iuvenek
824 3525 966 3608 dimisso,
988 3527 1052 3612 ipsi
1080 3526 1115 3588 in
1137 3526 1306 3612 Hispanias

196 3608 257 3672 iter
277 3616 505 3694 retorquerent.
553 3609 684 3674 Iuvenis
712 3610 810 3694 igitur
836 3608 924 3696 apud
951 3630 1071 3695 papam
1097 3609 1242 3692 relictus,
1272 3607 1306 3671 ab

197 3712 236 3754 eo
264 3692 334 3774 regi
367 3689 491 3755 oblatus
523 3700 579 3755 est.
639 3691 704 3772 Qui
736 3692 776 3757 de
808 3703 876 3758 arte
908 3694 981 3756 sual
1013 3693 1246 3779 interrogatus,
1279 3693 1308 3754 in

257 3847 321 3900 ι)ιο
338 3854 357 3892 1.
418 3849 442 3900 b)
458 3852 578 3892 Borrcllus
596 3875 619 3883 -
638 3853 685 3894 dux
702 3877 727 3886 -
744 3865 763 3897 o.
781 3856 875 3896 devenit
891 3858 911 3898 1.
978 3853 998 3908 c)
1016 3855 1061 3904 Qui
1077 3867 1129 3896 cum
1147 3857 1168 3896 1.
1230 3854 1254 3907 d)
1269 3863 1309 3895 mu·

197 3911 249 3948 tuor
266 3911 287 3949 l.
348 3907 369 3959 e)
383 3914 433 3957 post
449 3911 499 3951 add.
560 3909 653 3962 olona
668 3916 857 3956 vaenundatus,
918 3911 1055 3965 g)fusar1.
1116 3912 1142 3965 h)
1159 3916 1309 3956 lecturorum.

197 3965 215 4017 1)
232 3970 272 4017 tto,
289 3968 458 4025 morastites.
516 3966 540 4019 k)
555 3970 662 4011 turonem
678 3973 794 4013 dimittant
808 3975 899 4024 ipsique
915 4001 920 4012 .
938 4003 943 4015 .
961 4004 967 4015 .
984 3976 1135 4024 retorqueant
1153 3976 1175 4017 1.
1234 3972 1253 4026 l)
1268 3975 1309 4014 arte

199 4024 251 4078 (sus
265 4024 333 4077 abac.)
349 4025 374 4065 tn
389 4037 459 4075 mara.

274 4128 301 4196 1)
322 4129 363 4181 of.
382 4132 538 4198 praesertim
549 4132 694 4199 Biidinger‚
715 4136 814 4186 ‘Uebsr
836 4135 963 4188 Gerberts
983 4137 1245 4190 wissenschaftliche
1262 4135 1310 4189 und

197 4202 340 4270 politische
359 4201 500 4270 Stellung’.
525 4204 603 4257 Keos.
626 4207 704 4259 1851.
779 4207 808 4272 2)
827 4208 955 4272 Aurillac,
974 4210 1003 4259 in
1021 4209 1194 4275 praefectura
1214 4208 1311 4264 Osntsl.

197 4273 411 4416 ἒζρὲηὲοηεεὲιέἰίι
504 4277 533 4344 4)
562 4280 709 4332 Iohannem
737 4282 817 4344 XIII,
847 4283 892 4348 qui
921 4284 997 4334 annis
1026 4282 1088 4344 965,
1115 4284 1180 4338 Oct.
1201 4313 1238 4326 -
1257 4285 1311 4345 9⁷2,
