2820 4824
290 127 446 180 BIOHERI
463 128 718 182 HISTORIABUM
736 130 849 181 LIBER
868 131 920 182 111.
1129 132 1180 181 123

81 295 219 360 uosdam
240 317 316 359 vero
338 304 439 360 morte
466 295 657 360 afficiebant.
701 296 841 361 Tantum
867 297 901 360 in
928 298 974 361 eis
996 296 1240 362 1111111111-114.

57 381 179 460 caue,
215 387 251 444 ut
282 401 448 444 caesorum
483 379 694 445 cadaveribus
730 390 882 466 aggerata
913 380 1014 446 moles
1047 381 1180 446 collibus

56 461 298 527 assimilaretur.
351 461 436 526 Aliib
464 486 540 528 vero
564 463 790 529 descendentes
819 473 874 528 aut
900 462 1034 530 vibratis
1063 465 1180 551 gladiis

55 545 241 610 frondium⁰
271 548 489 633 oppositarum
518 547 706 612 densitatem
739 546 914 630 metebant,
947 559 1002 613 aut
1033 549 1180 614 trudibus

56 631 183 695 adactis
210 631 439 717 transpositam
468 630 620 695 arborum
654 630 772 695 molem
803 633 995 697 amovebant
1032 634 1181 719 sibique(1

54 715 119 862 1131
147 714 344 800 aperiebant.
393 714 538 780 Tandem
565 713 665 780 multo
695 723 809 778 conatu
836 714 875 778 de
903 717 1008 781 medio
1038 717 1180 782 hostium

57 821 76 863 e
100 799 168 862 uoti
189 805 272 861 sunt.
496 818 499 822 ·

144 882 196 946 99.
239 881 312 944 Hac
328 891 518 967 tempestate
534 881 726 946 Germania*
741 881 828 947 nullo
843 885 928 968 regis
943 884 1078 968 imperio
1093 894 1179 949 tene-

55 964 156 1030 batur
163 1013 172 1046 ,
205 965 282 1051 quip
308 987 325 1028 e
355 985 427 1028 cum
456 974 487 1030 et
515 966 666 1030 Ottonem
692 965 846 1031 infantem
871 968 984 1032 aetatis
1012 967 1181 1031 infirmitas

55 1069 196 1133 regnare
218 987 410 1134 proliiberet,
433 1061 464 1114 et
484 1049 633 1113 Heziloni
653 1050 809 1134 regnandi
830 1051 947 1136 cupido
968 1073 988 1114 1
1001 1051 1180 1136 potioribus

55 1154 196 1218 regnum
218 1131 496 1198 contradiceretur.
532 1133 627 1198 Unde
641 1133 812 1198 Letharius
835 1136 1035 1200 occasionem
1056 1143 1179 1217 nactus,

56 1216 99 1280 de
113 1214 264 1300 Belgicae
281 1218 471 1301 pervasione
485 1219 622 1280 iterume
638 1218 808 1303 cogitabat,
830 1228 866 1282 ut
879 1218 1029 1282 videlieet
1046 1218 1088 1282 ad
1104 1241 1179 1282 suae

57 1299 287 1363 dominationis
308 1300 358 1364 ius
380 1322 450 1365 eam
476 1311 681 1386 retorqueret,
708 1323 781 1364 oum
804 1302 900 1367 Ottof
918 1325 983 1366 non
1004 1313 1096 1383 11111,
1127 1310 1179 1366 ete

56 1384 222 1470 principes
249 1383 439 1448 dissiderent
464 1385 618 1470 regnique
644 1385 783 1470 dignitas
811 1384 897 1450 nullo
927 1387 1013 1472 regis
1044 1385 1179 1450 admini÷

57 1475 214 1532 straretur
238 1468 383 1552 imperio.
883 1508 891 1526 .

146 1551 216 1615 100.
258 1551 371 1636 Itaque
399 1549 546 1616 Odonem
575 1561 671 1650 atque
693 1552 897 1635 Herbertum,
927 1555 1013 1618 viros
1040 1551 1179 1618 illustres

57 1645 92 1700 et
113 1635 257 1720 potentia
278 1633 391 1717 claros,
413 1634 584 1718 advocans,
607 1659 652 1700 eis
667 1637 717 1700 sui
731 1638 798 1700 voti
813 1648 972 1702 secretum
987 1638 1099 1722 aperit.
1135 1636 1180 1702 Bt

58 1719 138 1804 quia
166 1717 262 1804 paulo
284 1729 358 1783 ante
385 1739 495 1782 eorum
520 1721 627 1804 patrui
652 1721 710 1785 abs
733 1742 773 1784 ue
801 1719 908 1785 liberis
932 1721 1073 1786 defuncti
1094 1731 1180 1785 terra

58 1803 184 1887 optima
211 1823 284 1866 cum
311 1802 438 1888 oppidis
466 1803 687 1868 munitissimis
709 1741 780 1867 illos
800 1803 973 1868 liberaliter
996 1805 1179 1887 donaverat,

56 1887 69 1948 i
95 1888 124 1950 si
151 1908 229 1950 mox
258 1885 346 1950 domi
372 1884 568 1972 militiaeque
595 1909 665 1952 sese
692 1887 910 1971 paratissimos
938 1911 989 1952 res
1014 1887 1180 1952 onderunt.

59 1909 188 2050 &uibus
209 1970 390 2035 faventibus
412 1991 485 2034 oum
505 1993 565 2034 rex
587 1970 649 2035 sibi
670 1971 704 2033 in
725 1971 831 2034 animo
860 1984 948 2035 essee
999 1973 1112 2052 iceret,
1143 1979 1179 2034 ut

56 2053 227 2138 Belgicam
259 2062 417 2139 repeteret
445 2077 515 2118 eam
538 2077 578 2118 ue
610 2053 800 2119 militaribus
833 2055 933 2138 copiis
967 2063 1178 2140 expugnaret,

56 2137 124 2223 ipsi
151 2136 246 2201 huius
271 2139 319 2202 rei
344 2137 471 2202 initium
496 2076 636 2202 tirduni
662 2137 844 2202 faciendum
871 2139 997 2219 dicunt,
1026 2159 1064 2200 eo
1094 2137 1180 2222 quod

55 2222 131 2308 ipsa
152 2221 364 2307 propinquior
384 2221 496 2285 civitas
525 2231 617 2296 esset,
645 2229 677 2285 et
698 2244 767 2286 sese
794 2220 894 2286 multa
921 2221 1085 2286 obsidione
1107 2242 1179 2285 eam

57 2327 277 2390 aggressuros,
306 2326 366 2369 nec
387 2327 541 2390 nmquam
563 2306 604 2370 ab
626 2326 664 2369 ea
685 2306 747 2369 nisi
769 2315 864 2391 capta
884 2325 1082 2386 recessuros,
1113 2326 1177 2389 qua

57 2399 156 2474 capta
184 2399 216 2454 et
242 2397 441 2453 sacramento
468 2399 582 2475 atquee
613 2388 744 2454 11111111θ
772 2390 841 2473 regi
872 2411 1013 2471 annexa,
1045 2389 1176 2452 ulterius

56 2493 281 2558 processuros,
311 2472 424 2536 tandiu
453 2482 549 2537 et1am
577 2483 755 2537 moraturos
777 2473 811 2536 in
832 2472 891 2538 Bel
915 2475 975 2556 ica,
998 2473 1099 2538 donec
1121 2482 1177 2537 aut

56 2557 158 2621 armis
187 2566 399 2642 expugnetur,
426 2566 483 2620 aut
508 2557 587 2620 victi
615 2556 735 2642 Belgae
762 2559 816 2620 *in
846 2496 1039 2622 deditionem
1067 2566 1246 2622 omnes‘fol·
1263 2569 1310 2612 41‘·

56 2648 231 2704 transeant.
275 2641 420 2720 Quorum
442 2643 612 2725 sponsione
635 2650 793 2726 suscepta,
816 2664 875 2706 rex
897 2664 969 2706 cum
991 2642 1070 2727 ipsis
1089 2663 1178 2704 exer-

57 2725 160 2788 citum
180 2745 258 2788 mox
279 2723 460 2789 Virdunum
482 2725 633 2788 admovit.

371 2844 442 2912 101.
484 2843 622 2907 Virduni
642 2846 838 2930 expugnatio
847 2857 870 2908 ἕ.
902 2797 904 2802 v

145 2945 236 3026 Quae
259 2946 372 3010 civitas
395 2967 432 3010 eo
454 2945 517 3008 situ
538 2945 643 3028 posita
664 2954 721 3027 est,
743 2955 779 3008 ut
800 2968 820 3008 1
841 2945 944 3009 fronte
960 2945 1092 3030 planitie
1107 2969 1177 3032 per-

56 3031 115 3093 via
136 3028 315 3093 meantibus
337 3049 502 3092 accessum
523 3025 669 3112 prebeat3
697 3050 716 3091 a
744 3030 854 3110 tergoh
875 3027 1104 3092 inaccessibilis
1128 3031 1177 3094 sit.

56 3112 112 3178 Ibi
134 3115 219 3177 enim
241 3135 261 3176 a
283 3133 407 3176 summo
428 3113 463 3174 in
484 3112 662 3196 posteriora
683 3111 842 3197 profundo
863 3109 953 3175 hiatu
980 3113 1179 3260 eircumqba-

57 3217 123 3284 que
145 3197 344 3261 distenditur.
386 3195 439 3260 Ab
461 3195 663 3260 inferioribus
692 3216 768 3259 vero
790 3194 832 3258 ad
858 3216 1017 3258 summum
1044 3197 1117 3280 rupi
1140 3218 1178 3259 us

56 3281 220 3367 preruptis
248 3289 378 3344 artatur.
422 3279 513 3359 Quae
541 3300 607 3343 non
629 3277 730 3342 solum
752 3288 877 3343 scatens
897 3278 1038 3344 fontibus
1059 3280 1178 3364 puteis-

58 3387 133 3450 que,
154 3363 268 3428 incolis
290 3363 507 3445 accommoda,
530 3363 588 3427 sed
608 3371 649 3446 et,
670 3362 768 3426 fluvio
782 3363 875 3426 Mosa
890 3385 960 3426 eam
974 3363 1009 3426 ai
1024 3372 1177 3449 prerupta

82 3455 151 3512 arte
172 3446 331 3529 abluente,
353 3468 529 3511 nemorosa.
572 3446 639 3512 Ubi
660 3469 736 3532 ergo
759 3469 778 3510 a
798 3445 900 3511 fronte
921 3446 1086 3532 planitiem
1107 3469 1178 3533 pre·

56 3470 130 3612 liert,
159 3531 350 3628 *pugnaturi
370 3529 533 3594 machinas
555 3529 685 3595 bellicas
713 3532 839 3616 generis
867 3530 984 3595 diversi
1013 3540 1176 3616 aptavere.
1190 3545 1230 3600 ’1.
1248 3549 1300 3596 sas.

57 3616 129 3680 Nec
151 3637 256 3678 minus
278 3614 388 3699 quiin
407 3612 487 3677 urbe
517 3624 607 3678 erant
627 3614 669 3678 ad
689 3613 901 3680 resistendum
929 3637 999 3679 sese
1028 3614 1178 3702 expedie-

57 3699 146 3764 bant.
189 3699 370 3782 Pugnatum
398 3707 446 3762 est
471 3697 601 3762 tandem
623 3699 642 3762 8
663 3698 763 3762 ferme
786 3699 944 3763 continuis
966 3697 1089 3764 diebus.
1132 3697 1176 3764 At

134 3859 146 3883 *
165 3861 280 3926 Belgica
299 3866 379 3927 atque
400 3860 432 3912 G.
453 3862 478 3911 1.

119 3987 241 4042 1)111111(1)
258 3999 350 4029 erasum.
416 3985 440 4038 b)
456 3987 505 4028 Ain
522 4009 548 4018 -
565 3989 604 4026 aut
617 3997 627 4025 e
642 3997 698 4026 corr.
766 3986 787 4039 o)
804 3993 843 4028 aut
859 3988 888 4029 fr.
905 3991 926 4029 1.
993 3987 1016 4039 d)
1034 3993 1057 4029 et
1072 3989 1176 4028 venienti

58 4048 176 4087 exercitui
193 4050 214 4087 1.
288 4045 440 4098 1))111111111.
515 4043 703 4096 1)0.11111111.
777 4045 800 4097 g)
816 4048 843 4098 V,
866 4048 950 4090 subsc.
1024 4045 1047 4097 h)
1064 4050 1087 4086 et
1102 4048 1175 4086 latere

58 4109 159 4155 utroque
175 4106 225 4147 add.
244 4109 265 4146 1.
340 4107 357 4160 i)
375 4106 437 4146 inl.
