2828 4814
317 378 469 429 RICHERI
490 378 743 430 HISTORIARUM
761 379 873 429 LIBER
892 380 914 430 1.
1143 380 1177 430 29

59 549 165 610 nimus
187 546 339 631 gradive³
361 548 396 607 in
416 544 539 608 hostem
561 544 724 609 accelerat.
761 545 912 612 Procedit
934 568 1060 632 quoque
1081 549 1176 611 tiran-
1189 561 1241 604 ⁹2³·

59 655 129 713 nus,
153 633 259 694 animo
281 652 347 692 non
367 631 482 713 impar,
505 637 538 691 at
559 627 738 712 legionibus
761 631 875 713 potior.

108 751 157 814 46.
195 749 320 814 Bellum
343 751 425 812 inter
445 747 601 812 Karolum
624 758 654 811 et
676 747 865 812 Rotbertum
887 751 1018 835 eiusque
1040 750 1127 834 fuga.

144 852 269 931 Quibus
291 853 451 937 utrimque
473 851 550 913 visis
573 852 760 932 comminus
784 873 856 913 cum
878 852 1020 915 maximo
1038 852 1176 916 clamore

59 937 184 1020 utrique
212 938 370 999 exereitus
400 935 500 1018 signis
528 934 649 997 infestis
678 944 878 998 concurrunt.
930 934 1175 1022 Congressique,

59 1020 218 1082 innumeri
239 1020 313 1082 hino
335 1018 410 1082 inde
433 1027 592 1080 corruunt.
636 1017 680 1080 Et
693 1017 864 1080 Rotbertus
881 1018 1010 1102 quidem
1029 1041 1088 1082 rex
1104 1041 1176 1083 oum
1247 1043 1251 1050 ·

59 1103 92 1164 in
115 1106 286 1167 certamine
308 1105 436 1188 ignotus
459 1111 543 1164 esset
565 1110 596 1164 et
616 1099 690 1163 hinc
712 1100 786 1164 inde
808 1100 949 1164 feriendo
971 1111 1037 1164 toto
1062 1124 1175 1188 campo

58 1185 185 1268 fureret,
208 1210 227 1250 a
249 1187 421 1249 coniuratis
444 1186 662 1268 eonspeotusb,
686 1207 727 1248 an
748 1185 817 1269 ipse
839 1194 930 1266 esset,
952 1185 1174 1270 interrogatur.

59 1269 103 1332 At
125 1269 176 1333 ille
198 1269 385 1354 intrepidus,
413 1289 491 1331 mox
512 1267 646 1332 barbam
669 1267 849 1332 obvelatam
871 1267 1011 1352 detegite
1044 1292 1176 1355 seseque

60 1375 129 1416 csse
159 1354 347 1432 monstrati,
381 1351 539 1416 multari
566 1353 600 1414 in
626 1350 814 1415 Fulbertum
842 1353 1028 1415 *comiteme
1056 1353 1294 1420 ferrum‘ror.1a.

59 1437 199 1500 vibrans.
243 1436 407 1517 11161616,
430 1434 536 1499 loetali
561 1437 628 1499 ictu
656 1436 820 1520 acceptof,
847 1435 888 1499 ab
912 1458 949 1499 eo
972 1437 1006 1498 in
1028 1437 1176 1501 dextram

61 1520 251 1605 obliquatur.
294 1521 337 1584 Et
358 1521 404 1582 sic
426 1542 484 1604 per
504 1519 620 1583 loricae
642 1521 801 1583 manicam
815 1519 927 1584 lancea
941 1542 1015 1583 eum
1030 1522 1064 1583 in
1078 1521 1175 1586 latere

60 1605 250 1689 gravissimo
272 1605 337 1667 ictu
359 1605 479 1667 sauciat
499 1625 623 1666 necnon
645 1613 676 1667 et
696 1625 756 1688 per
777 1626 855 1688 epar
874 1614 969 1689 atque
989 1604 1175 1690 pulmonem

61 1698 93 1750 et
108 1689 225 1751 sinistri
246 1687 352 1751 lateris
373 1687 608 1773 ypocundriam
622 1687 741 1751 16111116
756 1709 856 1772 usque
872 1690 905 1750 in
921 1687 1059 1774 clipeum
1074 1698 1175 1753 trans-

61 1773 127 1854 igit,
152 1781 203 1835 611
225 1773 453 1856 circumseptus
469 1771 509 1835 ab
525 1771 605 1852 aliis,
631 1781 753 1856 septem
779 1770 899 1835 lanceis
919 1771 1083 1836 confossus
1104 1796 1175 1859 pre-

62 1856 230 1939 cipitatnsh
247 1857 363 1919 corruit
385 1855 594 1942 diriguitque3
616 1853 997 1940 *11111166661111161166ἰ
1013 1857 1225 1925 moxiex-'n
1242 1872 1294 1917 saa.

60 1939 190 2003 haustus
213 1941 366 2024 sanguine
388 1941 440 2002 etk
461 1942 544 2002 inter
565 1948 719 2002 certantes
741 1947 884 2002 mortuus
906 1939 1030 2003 cecidit.
1074 1941 1174 2004 Inter-

61 2033 168 2108 empto
190 2045 265 2086 vero
288 2023 451 2104 Rotberto,
477 2032 565 2086 tanta
585 2024 619 2087 11
641 2023 748 2086 caedis
774 2032 907 2107 uterque
929 2023 1064 2087 deseviit
1085 2047 1174 2088 exer-

61 2107 150 2188 cituo,
178 2108 268 2170 utin
289 2116 379 2191 parte
407 2107 490 2169 cius¹
514 2107 661 2188 tiator,
689 2108 723 2168 in
744 2115 834 2192 parte
856 2127 932 2169 vero
955 2106 1067 2169 Karoli
1089 2107 1173 2171 7118

61 2191 282 2254 aFlodoardo
304 2189 480 2274 presbitero
502 2189 585 2253 ferro
613 2191 769 2252 interiisse
798 2189 992 2273 descriptum
1019 2191 1088 2255 siti
1132 2189 1175 2253 Et

60 2277 125 2338 iam
148 2274 277 2359 quidem
298 2272 412 2337 Karoli
431 2274 565 2336 victoria
586 2272 763 2353 videbatur,
792 2294 830 2335 co
853 2272 949 2357 quod,
976 2274 1100 2337 tiranno
1124 2295 1175 2338 oc-

61 2359 137 2437 ciso,
154 2359 209 2442 qui
223 2356 327 2418 illiusn
342 2356 467 2419 fuerant
480 2357 514 2418 in
527 2355 638 2439 fugam
651 2355 845 2438 ferebantur,
868 2377 942 2418 cum
957 2368 1052 2420 ecce⁰
1066 2356 1175 2442 Hugo‚

60 2441 206 2503 Rotberti
220 2439 313 2522 filius,
328 2441 385 2504 vix
405 2439 510 2502 adhuc
532 2439 719 2524 pubescens,
742 2440 776 2501 in
796 2438 932 2524 prelium
946 2440 987 2504 ab
1003 2440 1174 2504 Heribcrto

62 2523 230 2586 deducitur
251 2525 468 2609 succurritque
489 2521 679 2587 labentibus.
722 2523 766 2587 Et
786 2523 860 2588 licet
875 2545 948 2586 cum
963 2525 1063 2610 copiis
1080 2524 1174 2588 adve-

60 2608 171 2690 neritt’,
203 2618 319 2690 tamen,
351 2617 461 2693 utpote
487 2673 488 2676 ,
510 2609 543 2670 ui
574 2615 686 2692 patrer
718 2609 835 2672 amisso
868 2629 978 2671 omnes
1011 2617 1175 2693 suspectos

60 2691 199 2756 habebat
224 2691 374 2778 nulloque
396 2629 595 2756 (1666116166
616 2700 693 2774 6161,
723 2714 743 2755 6
763 2690 839 2755 belli
865 2690 1016 2756 violentia
1045 2693 1174 2778 quievit.

59 2774 143 2840 Illud
163 2784 287 2839 tantum
307 2775 531 2840 memorabiler
552 2775 665 2840 1661666
687 2775 853 2858 1616111111,
882 2775 968 2860 quod
988 2774 1074 2839 nullo
1100 2777 1176 2840 resi-

60 2869 160 2923 stente
177 2859 283 2923 locum
304 2859 380 2924 belli
401 2861 583 2945 occupavitt
605 2869 636 2923 et
650 2859 878 2946 aliquantisper
891 2861 925 2922 in
939 2881 976 2922 eo
994 2861 1088 2941 stetit,
1110 2861 1178 2924 acsi

59 2944 228 3008 manubias
243 2943 381 3008 hostium
397 2943 586 3028 direpturus.
619 2943 714 3006 Unde
733 2953 764 3008 et
780 2943 842 3006 sibi
858 2943 961 3008 victor
976 2943 1145 3008 videbatur
1152 2955 1176 3008 ¹¹.

60 3027 198 3090 Karolus
219 3049 295 3090 vero
318 3026 382 3090 obv
403 3048 515 3090 necem
536 3028 652 3091 tiranni
673 3028 809 3091 victoria
829 3027 925 3111 potiri
947 3048 1016 3091 sese
1031 3027 1178 3113 putabat.

62 3110 295 3194 Quapropterr
317 3119 348 3172 61
369 3130 486 3194 anceps
507 3111 641 3173 victoria
661 3110 729 3190 fuit,
752 3132 827 3173 oum
849 3107 978 3174 Oeltae*
1001 3111 1177 3175 desertores

60 3215 170 3277 regem
197 3193 373 3255 extinctum
400 3193 573 3273 amiserint,
601 3192 739 3256 Karolus
769 3206 866 3256 vcro¹
894 3192 973 3256 nihil
1002 3194 1176 3279 spoliorum

135 3334 159 3401 ¹¹)
180 3335 252 3388 Galli
270 3351 362 3402 regem
381 3336 469 3386 subito
490 3340 608 3386 creatum
628 3341 681 3386 ext.
703 3337 727 3386 1.

120 3461 144 3514 a)
159 3465 336 3512 magnanimiter
357 3475 413 3504 corr.
430 3474 461 3503 m.
477 3473 512 3512 gr.
573 3461 637 3514 11)ιή
652 3473 713 3512 maro
783 3458 804 3512 c)
820 3472 835 3500 a
849 3461 922 3501 lorica
943 3461 1042 3501 extraxit
1056 3473 1115 3501 corr.
1132 3462 1177 3504 det.

61 3522 84 3573 d)
102 3524 238 3562 monstravit
260 3534 315 3562 corr.
339 3526 459 3565 monstrat.
535 3520 557 3573 6)
580 3522 670 3561 dimidia
688 3520 774 3570 popina
797 3520 848 3558 aliia
871 3520 940 3559 cruris
961 3530 1029 3558 manu
1052 3520 1065 3558 2
1088 3520 1177 3569 scripta.

60 3581 78 3633 f)
95 3593 151 3622 vero
169 3583 244 3631 clipeo
259 3581 330 3620 ictum
346 3582 465 3631 excipiens
481 3591 538 3623 corr.
554 3585 579 3620 ut
594 3581 679 3620 editum.
741 3579 764 3631 g)
778 3579 874 3619 Irruunt
890 3582 912 3620 et
929 3579 1108 3628 circumquaque
1125 3589 1178 3619 oon-

59 3642 137 3683 iurati.
166 3641 188 3679 A
203 3641 287 3689 quibus
302 3641 425 3680 Rotbertue
441 3641 613 3692 circumseptus,
636 3642 835 3690 septemremis
850 3638 929 3678 aditum
985 3636 1171 3690 mannanhun

60 3700 110 3747 Quo
126 3700 265 3749 interempto
286 3709 342 3738 eurr.
363 3703 388 3737 at
411 3699 496 3740 editum.
556 3697 574 3751 i)
588 3704 639 3748 post
653 3699 704 3740 add.
764 3695 790 3746 k)
807 3697 919 3745 corr-ignit
938 3697 1016 3736 iterum
1036 3708 1095 3738 corr.
1112 3700 1135 3738 et
1151 3717 1177 3728 -

61 3777 151 3818 cecidit.
213 3774 352 3826 1)Rotberti
372 3787 429 3818 corr.
446 3777 505 3819 eius.
571 3773 603 3826 m)
624 3776 655 3814 ita
676 3775 741 3824 ma,-
770 3774 814 3826 XI,
837 3775 861 3814 in
881 3775 978 3824 marolus
993 3775 1067 3814 addito
1084 3773 1140 3816 000
1156 3779 1180 3817 et

62 3835 154 3888 (reliqua
170 3833 262 3886 6166166)
278 3846 296 3874 e.
357 3832 382 3885 n)
400 3835 436 3874 eui
451 3845 507 3875 corr.
524 3835 594 3876 illine.
655 3831 678 3885 o)
694 3833 828 3873 Heribertua
844 3835 968 3883 Hugonem
988 3834 1015 3875 R.
1031 3834 1104 3874 fllium
1127 3845 1179 3874 cum

60 3896 107 3934 iam
123 3895 286 3944 pubescentem
303 3895 327 3933 in
348 3905 371 3943 p.
387 3893 480 3933 deducit
500 3904 558 3932 corr.
573 3898 598 3932 ut
612 3893 644 3934 cd.
713 3890 738 3943 p)
755 3893 893 3934 advenerint
909 3915 935 3924 -
951 3893 1068 3933 habebant
1085 3915 1111 3924 -
1127 3894 1179 3934 freti

61 3957 128 3994 erant
145 3976 169 3985 -
186 3954 325 4004 quieverunt
339 3963 395 3993 corr.
412 3957 435 3991 ut
451 3953 483 3994 eri.
548 3950 572 4004 q)
588 3962 641 4000 rege
661 3963 717 3992 corr.
741 3956 813 4001 patre.
882 3950 902 4004 r)
919 3953 1011 4000 insigne
1033 3964 1090 3992 corr.
1110 3962 1179 3993 mem.

61 4011 81 4063 6)
95 4013 226 4053 referuntur
240 4024 257 4056 c.
272 4012 400 4062 neplipmtia
414 4011 527 4060 scriptoris
543 4011 580 4060 qui
598 4011 705 4061 pluralem
727 4021 840 4050 numerum
856 4012 880 4050 in
897 4012 936 4050 tac
954 4016 1040 4051 tuntum
1055 4021 1105 4050 roco
1120 4015 1139 4049 et
1154 4012 1179 4050 in

61 4072 136 4111 ultima
151 4073 255 4112 tentantia
270 4083 315 4112 non
330 4071 430 4111 correxit.
490 4068 508 4120 t)
525 4072 695 4119 occupaverunt
706 4091 731 4099 -
744 4073 856 4111 steterunt
867 4091 893 4100 -
902 4070 1014 4119 direpturi
1030 4081 1088 4109 corr.
1103 4074 1128 4108 nt
1143 4071 1178 4110 ad.

61 4128 86 4179 u)
102 4131 200 4171 victores
216 4132 354 4171 videbantur
373 4142 391 4170 c.
421 4128 463 4168 Sed
483 4139 508 4168 66
526 4133 584 4167 textu
602 4130 679 4178 priora
698 4129 742 4168 ium
761 4129 827 4168 deleto
843 4131 917 4169 victor
932 4129 965 4168 ric
984 4138 1035 4170 esse
1058 4127 1181 4169 videbatur

63 4187 102 4235 lapi
114 4193 189 4237 potest.
249 4188 272 4240 v)
289 4193 368 4239 utpote
383 4189 475 4229 tiranno
491 4187 612 4227 interfecto
624 4188 690 4237 prior
699 4189 802 4227 narratio
818 4186 850 4241 (1)
862 4187 974 4238 perpetus.
1026 4186 1057 4240 11)
1074 4186 1141 4227 Unde
1158 4188 1180 4228 1.

63 4243 191 4295 16611112.

139 4337 166 4404 1)
184 4340 245 4390 Hoc
264 4357 314 4392 nee
333 4344 360 4392 in
379 4343 529 4394 Annalibus
548 4358 598 4393 nec
617 4343 645 4392 in
664 4343 734 4395 Hist.
755 4343 832 4394 Rern.
850 4339 961 4407 legitur·
