2820 4824
304 396 456 447 RIOHERI
474 396 723 448 HISTORIARUM
742 396 844 447 LIBRI
862 397 931 451 1111.
1131 397 1171 447 IX

58 563 186 627 multa¹
215 565 251 627 iu
281 563 419 628 historia
441 563 601 628 Ludooici
622 563 681 643 IV,
709 565 763 626 cui
785 572 813 626 et
833 563 970 627 Rioberi
995 573 1127 647 patrem
1149 586 1171 626 a

58 647 204 711 consiliis
215 647 327 731 fuisse
349 648 503 727 discimus,
525 656 554 710 et
569 649 664 731 cujus
679 656 822 709 eatrema
835 648 905 731 ipse
918 647 1068 730 fortasse
1085 670 1171 730 puer

57 732 148 795 uidit.
192 731 232 793 In
255 730 317 794 bac
338 732 444 816 iqitur
466 733 573 814 operis
590 738 689 815 parte
710 732 760 793 ita
777 731 1019 813 procedendum
1040 740 1096 811 est,
1124 740 1168 811 ut,

59 815 203 878 adbibita
225 811 423 894 blodoardo,
447 816 596 896 primum
618 815 698 896 quid
720 815 751 876 ei
772 814 925 877 debeatur
947 824 1005 877 aut
1033 816 1170 878 nonnisi

51 920 118 982 pro
152 899 378 960 commentario
412 900 481 982 ejus
516 898 698 960 babendum
730 898 772 960 sit
803 897 1016 983 intelliqatur,
1054 898 1169 961 deinde

57 980 257 1066 reliquorum
279 985 316 1046 in
329 980 440 1061 fidem,
472 981 616 1043 auctoris
643 979 905 1062 uaniloquentiae
928 1003 966 1044 ac
989 982 1087 1044 nimii
1106 1004 1167 1065 pa-

58 1066 142 1128 triae
158 1065 261 1128 studii
277 1068 406 1128 ratione
421 1063 544 1142 babitu,
567 1065 769 1145 inquiratur.
815 1061 889 1135 Qua
904 1066 960 1126 oia
975 1062 1046 1126 licet
1061 1087 1170 1128 eoram

58 1170 193 1232 quoquc,
216 1171 299 1232 quae
322 1169 362 1209 eoo
374 1146 528 1229 fontibus
551 1145 645 1209 nobis
667 1146 845 1230 incoquitis
857 1147 1040 1230 fluxerunt,
1064 1157 1170 1210 aucto-

58 1233 142 1294 ritas
164 1231 359 1316 aliquotiens
380 1229 592 1312 infrinqatur
602 1240 623 1308 ²,
652 1251 692 1291 ea
714 1238 819 1292 tamen
843 1230 888 1292 ad
909 1230 1078 1293 historiam
1099 1251 1169 1292 sae„

59 1313 126 1377 culi
158 1315 275 1377 decimi
310 1311 556 1397 intelliqendam
585 1312 767 1395 plurimum
807 1313 983 1377 conducere
1018 1315 1168 1397 reperies.

59 1396 174 1460 Altera
197 1397 306 1478 operis
325 1417 418 1479 pars,
441 1395 519 1460 libri
533 1396 596 1458 III.
620 1418 658 1460 ca
684 1397 732 1459 ita
754 1395 910 1458 22-110.
933 1407 962 1460 et
982 1394 1100 1460 librum
1112 1397 1169 1460 IV.

59 1479 238 1563 complexa,
255 1481 474 1564 praecipuam
497 1479 559 1543 sibi
580 1417 711 1543 laudim
732 1480 943 1562 comparabit,
966 1483 1088 1564 quippe
1103 1503 1169 1564 qua

61 1572 179 1626 auctor
197 1585 291 1626 suum
312 1572 436 1647 tempus
457 1572 486 1627 et
507 1586 567 1644 res,
596 1586 678 1649 quas
701 1565 772 1648 ipse
793 1573 944 1647 coopertus
964 1562 1086 1646 fuerat
1113 1573 1170 1626 aut

61 1669 82 1708 a
107 1645 267 1726 Gerberto,
301 1649 409 1730 operis
439 1647 602 1710 scribendi
631 1669 774 1728 suasore,
807 1648 986 1728 didicerat,
1019 1647 1170 1728 candide,

53 1731 229 1814 perspicue
246 1740 275 1794 et
290 1739 440 1794 accurate
455 1732 656 1814 conscripsit.
699 1730 811 1812 Laudi
832 1732 964 1811 accedit,
987 1732 1074 1816 quod
1096 1733 1168 1794 ani-

58 1836 145 1877 mum
159 1813 357 1877 Karolorum
380 1815 561 1878 studiosum
581 1814 630 1877 oel
646 1823 722 1896 post
736 1815 870 1878 eooitium
885 1837 995 1878 eorum
1009 1816 1149 1878 seruauit
1156 1837 1168 1895 ,·

58 1920 136 1960 nam
157 1896 229 1960 licet
250 1895 485 1960 Adalberoncm
507 1907 536 1960 et
558 1896 745 1961 Gerbertum
767 1907 903 1978 secutus,
932 1921 1046 1983 requm
1071 1920 1167 1962 nouo-

58 1991 133 2043 rum
156 1983 378 2046 auotoritotem
401 1989 621 2065 aquosoeret³,
656 1990 685 2042 et
705 1983 844 2066 tyranni
872 1981 1071 2061 vocabulum,
1105 2003 1168 2064 quo

60 2073 157 2126 antea
178 2062 305 2128 rebelles
327 2074 357 2126 et
377 2065 575 2127 desertores⁴
597 2063 716 2128 Karoli
737 2075 765 2128 et
787 2065 946 2128 Ludouici
973 2087 1169 2147 nuncupare

59 2145 173 2210 solitus
184 2147 343 2230 fuerat⁵,
372 2147 449 2210 inde
472 2147 512 2210 ab
535 2148 689 2232 Huqonis
717 2151 924 2212 coronatione
949 2150 986 2212 in
1008 2148 1169 2212 Karolum

58 2240 135 2293 tran
170 2240 289 2311 errem,
318 2233 388 2315 ejus
415 2240 522 2293 tamen
550 2253 670 2293 causae
684 2232 852 2314 justitiam
873 2231 1169 2309 minimocelavit'1,

59 2322 88 2377 et
102 2312 133 2375 A
159 2313 320 2376 alberonis
334 2313 568 2376 Laudunensis
583 2315 729 2396 episcopi
739 2313 961 2396 proditionem
976 2315 1170 2376 narratione

58 2399 136 2479 ipsa
158 2419 256 2480 quam
278 2399 432 2459 acerrime
452 2395 532 2476 fieri
547 2405 679 2480 poterat
700 2396 915 2480 reprehendit.
958 2397 999 2458 In
1022 2395 1169 2460 conciliis

60 2479 106 2542 ad
128 2477 286 2542 Sanctum
314 2478 473 2542 Basolum
506 2488 534 2540 et
560 2480 756 2543 Mosomensi
786 2479 964 2543 scribendis
997 2503 1068 2542 cum
1091 2478 1170 2543 Ger-

59 2563 145 2625 berto
167 2564 204 2624 in
227 2563 414 2630 uniuersum
436 2565 596 2647 conqruit,
626 2563 788 2646 quaedam
810 2585 832 2625 a
854 2561 1005 2627 Gerberto
1028 2565 1168 2626 omissa⁸

52 2644 194 2730 profert,
225 2648 333 2709 omnia
360 2655 476 2726 tamen,
500 2656 535 2708 ut
557 2648 665 2731 operis
692 2648 876 2710 institutum
904 2646 1067 2731 poscebat,
1094 2647 1169 2709 bene

58 2737 212 2813 concepta
234 2731 392 2793 succincte
414 2732 573 2814 esposuit.
616 2729 700 2792 Acta
724 2730 764 2792 ab
786 2738 921 2816 utroque
941 2733 1065 2794 inserta
1080 2753 1169 2814 pau-

58 2813 198 2876 cissimis
220 2813 393 2877 et'nullius
415 2815 564 2876 momenti
590 2813 721 2877 uocibus
752 2813 950 2898 discrepant,
981 2815 1037 2878 ubi
1058 2815 1168 2898 eujus-

58 2916 136 2958 nam
159 2898 338 2960 auotoritas
354 2897 558 2980 praevaleat,
581 2898 673 2960 baud
693 2896 801 2982 liquet.

148 2979 238 3125 Opus
267 2982 371 3064 iqitur
401 2981 446 3044 ad
474 2979 598 3044 lancem
628 3003 810 3064 appensum
840 2989 1002 3044 auctorem
1033 2980 1170 3044 ostendit

59 3062 173 3126 beneoo
187 3086 251 3143 um,
278 3086 420 3148 prooem,
449 3087 610 3148 capacem,
639 3066 737 3128 naria
766 3065 960 3128 eruditionis
987 3067 1091 3148 specie
1117 3065 1168 3126 in·

58 3154 223 3225 structum,
251 3168 361 3209 rerum
382 3148 419 3209 in
442 3169 562 3210 causas
588 3149 754 3232 inquirere
781 3148 920 3227 solitum,
949 3148 1114 3211 bominum
1141 3156 1170 3208 et

58 3250 168 3292 rerum
190 3230 247 3312 qui
269 3229 314 3291 ad
335 3229 505 3293 bistoriam
520 3231 574 3292 sui
587 3233 743 3314 temporis
755 3230 909 3314 facerent
925 3232 1001 3295 bene
1015 3253 1169 3315 qnorum,

58 3313 178 3396 quique
207 3313 427 3376 Romanorum
456 3313 599 3397 euemplo
628 3313 798 3376 bistoriam
825 3315 962 3378 scribere
992 3315 1168 3378 didicisset.

57 3395 145 3458 Prae
167 3395 244 3459 aliis
266 3397 363 3460 etiam
385 3398 440 3460 sui
462 3398 535 3459 aeoi
555 3396 768 3480 scriptoribus
777 3399 904 3482 peritia
920 3400 1002 3461 artis
1018 3397 1168 3460 bellicae⁹

58 3487 86 3543 et
107 3479 284 3542 locorum¹⁰
305 3481 423 3565 quibus
437 3501 488 3543 res
502 3488 611 3565 qestae
626 3488 702 3542 suut
715 3482 869 3565 insiqnis,
890 3482 934 3544 iis
949 3482 1169 3545 describendis

58 3584 191 3646 operam
210 3563 308 3626 dedit.
351 3564 491 3627 Errores
505 3565 607 3627 nimio
623 3562 750 3649 qloriae
758 3567 896 3649 patriae
911 3565 1018 3630 studio
1033 3574 1062 3626 et
1076 3565 1169 3628 uoui-

133 3768 161 3836 1)
181 3787 204 3821 e.
224 3786 250 3836 g.
271 3771 308 3833 ΙΙ,
330 3771 408 3820 l—b.
430 3772 547 3822 16-20.
568 3773 685 3823 30-35.
707 3773 831 3824 51-59.
852 3773 981 3823 87-90.
1003 3773 1045 3822 93.
1067 3772 1116 3833 94;
1141 3772 1170 3820 in

57 3844 188 3910 principio
207 3843 328 3894 Lotharii
347 3844 400 3903 111,
421 3844 518 3894 6-10.
593 3841 623 3909 2)
643 3860 666 3894 e.
681 3860 708 3910 g.
728 3846 767 3905 11,
787 3847 821 3894 30
841 3862 899 3912 sqq.
920 3845 955 3895 ad
976 3844 1085 3894 caedem
1101 3843 1169 3892 Wil-

57 3915 139 3966 helmi
164 3916 385 3967 Nortmannorum
413 3916 487 3967 ducis
508 3919 599 3968 Ottoni
624 3917 724 3982 Magno
750 3919 933 3984 imputandam
958 3919 1035 3968 unius
1061 3917 1169 3967 Richsri

57 3990 201 4039 auctoritas
228 4006 282 4040 non
309 3988 416 4040 sufficit.
497 3987 526 4054 3)
546 3991 710 4051 Rotbertum‚
740 3991 862 4041 Gerberti
891 3989 1059 4056 discipulum,
1089 3990 1169 4038 etiam

58 4063 164 4112 novisse
182 4061 301 4124 videtum
330 4062 424 4112 laudat
443 4077 501 4111 eum
521 4063 568 4124 lv,
590 4063 632 4112 13.
716 4063 745 4128 4)
764 4064 788 4124 Ι,
807 4065 853 4126 46,
928 4060 956 4127 b)
977 4078 999 4114 e.
1019 4078 1046 4128 g.
1067 4063 1104 4121 ΙΙ,
1124 4060 1168 4109 27.

58 4129 88 4200 6)
108 4135 155 4195 IV,
176 4134 219 4185 18.
295 4132 321 4198 7)
341 4134 389 4194 IV,
409 4134 453 4183 39.
538 4132 568 4199 8)
588 4134 719 4186 Gnidonis
745 4138 865 4203 episcopi
893 4137 1038 4186 orationem
1064 4134 1113 4195 IV,
1133 4133 1167 4180 63

59 4203 149 4272 [quam
168 4205 257 4257 fictam
277 4206 413 4273 putarim}
496 4204 526 4273 9)
547 4207 588 4258 Of.
608 4207 800 4274 descriptiones
819 4224 967 4274 pugnarum
988 4213 1014 4257 et
1032 4206 1167 4256 machina·

56 4294 114 4330 mm
133 4279 289 4330 bellicarum
309 4280 332 4343 Ι,
351 4278 367 4327 8
386 4295 444 4345 sqq.
483 4280 712 4339 11‚10.35.4b.
748 4282 799 4348 ΙΙΙ,
820 4280 845 4332 8.
868 4282 1018 4331 103-107.
1054 4279 1101 4339 IV,
1123 4278 1167 4325 17.

58 4352 102 4403 19.
122 4351 165 4403 22.
242 4350 288 4418 10)
308 4368 332 4402 e.
352 4368 378 4418 g.
397 4353 450 4413 111,
472 4352 533 4403 101.
553 4352 665 4405 Virduni
684 4353 758 4405 situs.
