<?xml version="1.0" encoding="UTF-8"?>
<!DOCTYPE html PUBLIC "-//W3C//DTD XHTML 1.0 Transitional//EN"
    "http://www.w3.org/TR/xhtml1/DTD/xhtml1-transitional.dtd">
<html xmlns="http://www.w3.org/1999/xhtml" xml:lang="en" lang="en">
 <head>
  <title>
</title>
<meta http-equiv="Content-Type" content="text/html;charset=utf-8" />
  <meta name='ocr-system' content='tesseract 3.04.00' />
  <meta name='ocr-capabilities' content='ocr_page ocr_carea ocr_par ocr_line ocrx_word'/>
</head>
<body>
  <div class='ocr_page' id='page_1' title='image "./richerihistoria01richgoog_0109.png"; bbox 0 0 2820 4824; ppageno 0'>
   <div class='ocr_carea' id='block_1_1' title="bbox 198 362 1082 417">
    <p class='ocr_par' dir='ltr' id='par_1_1' title="bbox 198 362 1082 417">
     <span class='ocr_line' id='line_1_1' title="bbox 198 362 1082 417; baseline 0.003 -3"><span class='ocrx_word' id='word_1_1' title='bbox 198 363 234 414; x_wconf 69' lang='lat'>92</span> <span class='ocrx_word' id='word_1_2' title='bbox 454 363 608 416; x_wconf 76' lang='lat' dir='ltr'>mcum</span> <span class='ocrx_word' id='word_1_3' title='bbox 626 362 879 414; x_wconf 70' lang='lat' dir='ltr'>HISTORIAROE</span> <span class='ocrx_word' id='word_1_4' title='bbox 896 365 1010 416; x_wconf 76' lang='lat' dir='ltr'>um</span> <span class='ocrx_word' id='word_1_5' title='bbox 1026 366 1082 417; x_wconf 89' lang='lat' dir='ltr'>III.</span> 
     </span>
    </p>
   </div>
   <div class='ocr_carea' id='block_1_2' title="bbox 79 527 1306 3722">
    <p class='ocr_par' dir='ltr' id='par_1_2' title="bbox 139 527 1306 615">
     <span class='ocr_line' id='line_1_2' title="bbox 139 527 1306 615; baseline 0.001 -16"><span class='ocrx_word' id='word_1_6' title='bbox 139 543 234 600; x_wconf 71' lang='lat' dir='ltr'>met</span> <span class='ocrx_word' id='word_1_7' title='bbox 253 528 531 595; x_wconf 85' lang='lat' dir='ltr'>vehementissime</span> <span class='ocrx_word' id='word_1_8' title='bbox 555 527 781 608; x_wconf 82' lang='lat' dir='ltr'>asserentibus,</span> <span class='ocrx_word' id='word_1_9' title='bbox 808 531 896 615; x_wconf 89' lang='lat' dir='ltr'>quod</span> <span class='ocrx_word' id='word_1_10' title='bbox 919 555 940 595; x_wconf 89' lang='lat' dir='ltr'>a</span> <span class='ocrx_word' id='word_1_11' title='bbox 959 531 1163 598; x_wconf 72' lang='lat' dir='ltr'>multimame</span> <span class='ocrx_word' id='word_1_12' title='bbox 1188 558 1208 598; x_wconf 90' lang='lat' dir='ltr'>e</span> <span class='ocrx_word' id='word_1_13' title='bbox 1230 536 1306 600; x_wconf 84' lang='lat' dir='ltr'>isco</span> 
     </span>
    </p>

    <p class='ocr_par' dir='ltr' id='par_1_3' title="bbox 198 614 1305 848">
     <span class='ocr_line' id='line_1_3' title="bbox 200 614 1304 707; baseline 0.004 -28"><span class='ocrx_word' id='word_1_14' title='bbox 200 635 329 707; x_wconf 60' lang='lat' dir='ltr'>porum,</span> <span class='ocrx_word' id='word_1_15' title='bbox 344 616 654 694; x_wconf 82' lang='lat' dir='ltr'>excommunicatus,</span> <span class='ocrx_word' id='word_1_16' title='bbox 684 637 705 677; x_wconf 88' lang='lat' dir='ltr'>a</span> <span class='ocrx_word' id='word_1_17' title='bbox 732 614 855 678; x_wconf 87' lang='lat' dir='ltr'>minore</span> <span class='ocrx_word' id='word_1_18' title='bbox 884 637 995 679; x_wconf 89' lang='lat' dir='ltr'>eorum</span> <span class='ocrx_word' id='word_1_19' title='bbox 1023 617 1159 681; x_wconf 87' lang='lat' dir='ltr'>iinmero</span> <span class='ocrx_word' id='word_1_20' title='bbox 1187 640 1208 681; x_wconf 87' lang='lat' dir='ltr'>a</span> <span class='ocrx_word' id='word_1_21' title='bbox 1265 619 1304 683; x_wconf 86' lang='lat' dir='ltr'>Iri</span> 
     </span>
     <span class='ocr_line' id='line_1_4' title="bbox 199 696 1305 846; baseline 0.005 -84"><span class='ocrx_word' id='word_1_22' title='bbox 199 720 266 796; x_wconf 81' lang='lat' dir='ltr'>non</span> <span class='ocrx_word' id='word_1_23' title='bbox 284 708 404 783; x_wconf 81' lang='lat' dir='ltr'>posset,</span> <span class='ocrx_word' id='word_1_24' title='bbox 423 696 613 846; x_wconf 50' lang='lat' dir='ltr'>relifflnitur</span> <span class='ocrx_word' id='word_1_25' title='bbox 638 699 720 762; x_wconf 87' lang='lat' dir='ltr'>ratio</span> <span class='ocrx_word' id='word_1_26' title='bbox 747 697 924 762; x_wconf 83' lang='lat' dir='ltr'>differenda</span> <span class='ocrx_word' id='word_1_27' title='bbox 948 723 1050 786; x_wconf 85' lang='lat' dir='ltr'>iisque</span> <span class='ocrx_word' id='word_1_28' title='bbox 1073 701 1117 764; x_wconf 87' lang='lat' dir='ltr'>ad</span> <span class='ocrx_word' id='word_1_29' title='bbox 1136 703 1305 790; x_wconf 76' lang='lat' dir='ltr'>interroga</span> 
     </span>
     <span class='ocr_line' id='line_1_5' title="bbox 198 793 611 848; baseline -0.007 0"><span class='ocrx_word' id='word_1_30' title='bbox 198 793 318 848; x_wconf 77' lang='lat' dir='ltr'>nonem</span> <span class='ocrx_word' id='word_1_31' title='bbox 362 805 382 846; x_wconf 90' lang='lat' dir='ltr'>a</span> <span class='ocrx_word' id='word_1_32' title='bbox 513 802 611 845; x_wconf 89' lang='lat' dir='ltr'>mam.</span> 
     </span>
    </p>

    <p class='ocr_par' dir='ltr' id='par_1_4' title="bbox 197 803 1306 1604">
     <span class='ocr_line' id='line_1_6' title="bbox 286 803 1306 951; baseline 0.006 -22"><span class='ocrx_word' id='word_1_33' title='bbox 286 803 444 930; x_wconf 60' lang='lat' dir='ltr'>lbpbpeite</span> <span class='ocrx_word' id='word_1_34' title='bbox 458 864 559 930; x_wconf 88' lang='lat' dir='ltr'>multo</span> <span class='ocrx_word' id='word_1_35' title='bbox 589 877 663 950; x_wconf 83' lang='lat' dir='ltr'>post</span> <span class='ocrx_word' id='word_1_36' title='bbox 691 876 725 929; x_wconf 88' lang='lat' dir='ltr'>et</span> <span class='ocrx_word' id='word_1_37' title='bbox 752 865 868 950; x_wconf 85' lang='lat' dir='ltr'>legatio</span> <span class='ocrx_word' id='word_1_38' title='bbox 899 865 1047 951; x_wconf 72' lang='lat' dir='ltr'>dirigitur</span> <span class='ocrx_word' id='word_1_39' title='bbox 1076 870 1111 931; x_wconf 90' lang='lat' dir='ltr'>in</span> <span class='ocrx_word' id='word_1_40' title='bbox 1144 868 1306 935; x_wconf 80' lang='lat' dir='ltr'>Galliasa</span> 
     </span>
     <span class='ocr_line' id='line_1_7' title="bbox 199 949 1304 1048; baseline 0.004 -34"><span class='ocrx_word' id='word_1_41' title='bbox 199 949 317 1014; x_wconf 87' lang='lat' dir='ltr'>domno</span> <span class='ocrx_word' id='word_1_42' title='bbox 331 949 472 1014; x_wconf 87' lang='lat' dir='ltr'>Iohanne</span> <span class='ocrx_word' id='word_1_43' title='bbox 493 971 588 1048; x_wconf 88' lang='lat' dir='ltr'>papa,</span> <span class='ocrx_word' id='word_1_44' title='bbox 610 950 667 1035; x_wconf 88' lang='lat' dir='ltr'>qui</span> <span class='ocrx_word' id='word_1_45' title='bbox 686 951 752 1011; x_wconf 89' lang='lat' dir='ltr'>iam</span> <span class='ocrx_word' id='word_1_46' title='bbox 765 949 957 1014; x_wconf 68' lang='lat' dir='ltr'>incendebat</span> <span class='ocrx_word' id='word_1_47' title='bbox 969 950 1182 1032; x_wconf 63' lang='lat' dir='ltr'>Octaviam,</span> <span class='ocrx_word' id='word_1_48' title='bbox 1202 954 1304 1018; x_wconf 91' lang='lat' dir='ltr'>domni</span> 
     </span>
     <span class='ocr_line' id='line_1_8' title="bbox 199 1033 1303 1120; baseline 0.005 -24"><span class='ocrx_word' id='word_1_49' title='bbox 199 1033 352 1120; x_wconf 70' lang='lat' dir='ltr'>Agapitib</span> <span class='ocrx_word' id='word_1_50' title='bbox 373 1046 585 1114; x_wconf 81' lang='lat' dir='ltr'>successori13</span> <span class='ocrx_word' id='word_1_51' title='bbox 620 1055 776 1114; x_wconf 83' lang='lat' dir='ltr'>asserens,</span> <span class='ocrx_word' id='word_1_52' title='bbox 808 1034 989 1119; x_wconf 87' lang='lat' dir='ltr'>predictum</span> <span class='ocrx_word' id='word_1_53' title='bbox 1016 1035 1192 1120; x_wconf 83' lang='lat' dir='ltr'>Hugonem</span> <span class='ocrx_word' id='word_1_54' title='bbox 1224 1038 1303 1102; x_wconf 87' lang='lat' dir='ltr'>abdi-</span> 
     </span>
     <span class='ocr_line' id='line_1_9' title="bbox 200 1116 1305 1204; baseline 0.004 -22"><span class='ocrx_word' id='word_1_55' title='bbox 200 1131 317 1199; x_wconf 87' lang='lat' dir='ltr'>catum,</span> <span class='ocrx_word' id='word_1_56' title='bbox 338 1129 404 1181; x_wconf 89' lang='lat' dir='ltr'>tam</span> <span class='ocrx_word' id='word_1_57' title='bbox 425 1116 538 1182; x_wconf 86' lang='lat' dir='ltr'>sinodo</span> <span class='ocrx_word' id='word_1_58' title='bbox 551 1117 706 1197; x_wconf 86' lang='lat' dir='ltr'>Romana,</span> <span class='ocrx_word' id='word_1_59' title='bbox 727 1140 826 1202; x_wconf 88' lang='lat' dir='ltr'>quam</span> <span class='ocrx_word' id='word_1_60' title='bbox 839 1117 959 1204; x_wconf 81' lang='lat' dir='ltr'>Papiae</span> <span class='ocrx_word' id='word_1_61' title='bbox 972 1142 1017 1182; x_wconf 88' lang='lat' dir='ltr'>nu</span> <span class='ocrx_word' id='word_1_62' title='bbox 1093 1121 1102 1134; x_wconf 88' lang='lat'>&#39;</span> <span class='ocrx_word' id='word_1_63' title='bbox 1138 1121 1305 1203; x_wconf 85' lang='lat' dir='ltr'>ebabita²,</span> 
     </span>
     <span class='ocr_line' id='line_1_10' title="bbox 199 1200 1305 1290; baseline 0.002 -23"><span class='ocrx_word' id='word_1_64' title='bbox 199 1203 241 1268; x_wconf 89' lang='lat' dir='ltr'>ab</span> <span class='ocrx_word' id='word_1_65' title='bbox 262 1202 424 1289; x_wconf 83' lang='lat' dir='ltr'>episcopis</span> <span class='ocrx_word' id='word_1_66' title='bbox 443 1200 556 1266; x_wconf 89' lang='lat' dir='ltr'>Italiae</span> <span class='ocrx_word' id='word_1_67' title='bbox 575 1200 885 1282; x_wconf 78' lang='lat' dir='ltr'>anathematizamm,</span> <span class='ocrx_word' id='word_1_68' title='bbox 906 1203 969 1266; x_wconf 91' lang='lat' dir='ltr'>nisi</span> <span class='ocrx_word' id='word_1_69' title='bbox 990 1226 1010 1266; x_wconf 91' lang='lat' dir='ltr'>a</span> <span class='ocrx_word' id='word_1_70' title='bbox 1050 1205 1090 1266; x_wconf 86' lang='lat' dir='ltr'>iis</span> <span class='ocrx_word' id='word_1_71' title='bbox 1104 1226 1189 1290; x_wconf 83' lang='lat' dir='ltr'>quae</span> <span class='ocrx_word' id='word_1_72' title='bbox 1203 1204 1305 1269; x_wconf 82' lang='lat' dir='ltr'>illicite</span> 
     </span>
     <span class='ocr_line' id='line_1_11' title="bbox 199 1283 1304 1375; baseline 0.003 -24"><span class='ocrx_word' id='word_1_73' title='bbox 199 1286 364 1372; x_wconf 83' lang='lat' dir='ltr'>repetebat</span> <span class='ocrx_word' id='word_1_74' title='bbox 384 1286 571 1372; x_wconf 79' lang='lat' dir='ltr'>quiesceret</span> <span class='ocrx_word' id='word_1_75' title='bbox 600 1285 675 1365; x_wconf 82' lang='lat' dir='ltr'>Qua</span> <span class='ocrx_word' id='word_1_76' title='bbox 695 1283 853 1370; x_wconf 81' lang='lat' dir='ltr'>legatione</span> <span class='ocrx_word' id='word_1_77' title='bbox 871 1285 1019 1350; x_wconf 91' lang='lat' dir='ltr'>omnibus</span> <span class='ocrx_word' id='word_1_78' title='bbox 1039 1289 1196 1362; x_wconf 87' lang='lat' dir='ltr'>intimata,</span> <span class='ocrx_word' id='word_1_79' title='bbox 1218 1312 1304 1375; x_wconf 85' lang='lat' dir='ltr'>quae</span> 
     </span>
     <span class='ocr_line' id='line_1_12' title="bbox 198 1369 1305 1455; baseline 0.001 -21"><span class='ocrx_word' id='word_1_80' title='bbox 198 1370 353 1435; x_wconf 89' lang='lat' dir='ltr'>rimoniae</span> <span class='ocrx_word' id='word_1_81' title='bbox 373 1370 454 1433; x_wconf 84' lang='lat' dir='ltr'>ratio</span> <span class='ocrx_word' id='word_1_82' title='bbox 475 1369 684 1455; x_wconf 84' lang='lat' dir='ltr'>pessumdata</span> <span class='ocrx_word' id='word_1_83' title='bbox 703 1380 761 1432; x_wconf 81' lang='lat' dir='ltr'>est</span> <span class='ocrx_word' id='word_1_84' title='bbox 813 1369 931 1455; x_wconf 80' lang='lat' dir='ltr'>Hugo⁸</span> <span class='ocrx_word' id='word_1_85' title='bbox 958 1373 969 1433; x_wconf 93' lang='lat' dir='ltr'>i</span> <span class='ocrx_word' id='word_1_86' title='bbox 1026 1394 1067 1436; x_wconf 90' lang='lat' dir='ltr'>ue</span> <span class='ocrx_word' id='word_1_87' title='bbox 1094 1393 1115 1433; x_wconf 89' lang='lat' dir='ltr'>a</span> <span class='ocrx_word' id='word_1_88' title='bbox 1134 1373 1234 1437; x_wconf 85' lang='lat' dir='ltr'>fratre</span> <span class='ocrx_word' id='word_1_89' title='bbox 1255 1394 1305 1436; x_wconf 91' lang='lat' dir='ltr'>sno</span> 
     </span>
     <span class='ocr_line' id='line_1_13' title="bbox 197 1453 1305 1540; baseline 0.001 -21"><span class='ocrx_word' id='word_1_90' title='bbox 197 1453 353 1520; x_wconf 82' lang='lat' dir='ltr'>Rotberto</span> <span class='ocrx_word' id='word_1_91' title='bbox 380 1467 547 1539; x_wconf 84' lang='lat' dir='ltr'>receptus,</span> <span class='ocrx_word' id='word_1_92' title='bbox 571 1454 673 1517; x_wconf 88' lang='lat' dir='ltr'>nimia</span> <span class='ocrx_word' id='word_1_93' title='bbox 699 1454 862 1518; x_wconf 78' lang='lat' dir='ltr'>anxietate</span> <span class='ocrx_word' id='word_1_94' title='bbox 890 1457 974 1519; x_wconf 89' lang='lat' dir='ltr'>intra</span> <span class='ocrx_word' id='word_1_95' title='bbox 1026 1457 1071 1520; x_wconf 86' lang='lat' dir='ltr'>&#39;es</span> <span class='ocrx_word' id='word_1_96' title='bbox 1098 1458 1305 1540; x_wconf 83' lang='lat' dir='ltr'>paucissimos</span> 
     </span>
     <span class='ocr_line' id='line_1_14' title="bbox 197 1535 565 1604; baseline -0.003 -2"><span class='ocrx_word' id='word_1_97' title='bbox 197 1535 297 1604; x_wconf 82' lang='lat' dir='ltr'>bleldi</span> <span class='ocrx_word' id='word_1_98' title='bbox 318 1536 487 1603; x_wconf 84' lang='lat' dir='ltr'>defunctus</span> <span class='ocrx_word' id='word_1_99' title='bbox 508 1547 565 1601; x_wconf 85' lang='lat' dir='ltr'>est</span> 
     </span>
    </p>

    <p class='ocr_par' dir='ltr' id='par_1_5' title="bbox 197 1618 1304 2463">
     <span class='ocr_line' id='line_1_15' title="bbox 284 1618 1304 1707; baseline 0.004 -23"><span class='ocrx_word' id='word_1_100' title='bbox 284 1621 333 1686; x_wconf 83' lang='lat'>18.</span> <span class='ocrx_word' id='word_1_101' title='bbox 365 1621 476 1685; x_wconf 87' lang='lat' dir='ltr'>Bruno</span> <span class='ocrx_word' id='word_1_102' title='bbox 510 1623 619 1707; x_wconf 88' lang='lat' dir='ltr'>itaque</span> <span class='ocrx_word' id='word_1_103' title='bbox 650 1618 912 1707; x_wconf 87' lang='lat' dir='ltr'>metropolitanus</span> <span class='ocrx_word' id='word_1_104' title='bbox 944 1633 977 1687; x_wconf 93' lang='lat' dir='ltr'>et</span> <span class='ocrx_word' id='word_1_105' title='bbox 1007 1623 1074 1686; x_wconf 88' lang='lat' dir='ltr'>dux</span> <span class='ocrx_word' id='word_1_106' title='bbox 1106 1625 1240 1689; x_wconf 84' lang='lat' dir='ltr'>cuidam</span> <span class='ocrx_word' id='word_1_107' title='bbox 1269 1647 1304 1690; x_wconf 85' lang='lat' dir='ltr'>ex</span> 
     </span>
     <span class='ocr_line' id='line_1_16' title="bbox 198 1703 1303 1794; baseline 0.001 -24"><span class='ocrx_word' id='word_1_108' title='bbox 198 1703 333 1790; x_wconf 84' lang='lat' dir='ltr'>collegio</span> <span class='ocrx_word' id='word_1_109' title='bbox 370 1706 594 1769; x_wconf 88' lang='lat' dir='ltr'>canonicorum</span> <span class='ocrx_word' id='word_1_110' title='bbox 629 1705 834 1770; x_wconf 85' lang='lat' dir='ltr'>Mettensium</span> <span class='ocrx_word' id='word_1_111' title='bbox 874 1707 1002 1771; x_wconf 91' lang='lat' dir='ltr'>nomine</span> <span class='ocrx_word' id='word_1_112' title='bbox 1038 1706 1191 1773; x_wconf 90' lang='lat' dir='ltr'>Odelrico</span> <span class='ocrx_word' id='word_1_113' title='bbox 1226 1709 1303 1794; x_wconf 87' lang='lat' dir='ltr'>apud</span> 
     </span>
     <span class='ocr_line' id='line_1_17' title="bbox 198 1787 1303 1875; baseline 0.002 -21"><span class='ocrx_word' id='word_1_114' title='bbox 198 1811 233 1854; x_wconf 88' lang='lat' dir='ltr'>re</span> <span class='ocrx_word' id='word_1_115' title='bbox 256 1811 308 1854; x_wconf 88' lang='lat' dir='ltr'>em</span> <span class='ocrx_word' id='word_1_116' title='bbox 323 1787 518 1874; x_wconf 80' lang='lat' dir='ltr'>presulatum</span> <span class='ocrx_word' id='word_1_117' title='bbox 539 1789 721 1875; x_wconf 81' lang='lat' dir='ltr'>quaerebat</span> <span class='ocrx_word' id='word_1_118' title='bbox 765 1788 862 1870; x_wconf 79' lang='lat' dir='ltr'>Quod</span> <span class='ocrx_word' id='word_1_119' title='bbox 883 1812 958 1854; x_wconf 91' lang='lat' dir='ltr'>cum</span> <span class='ocrx_word' id='word_1_120' title='bbox 980 1791 1179 1873; x_wconf 84' lang='lat' dir='ltr'>obtinuisset,</span> <span class='ocrx_word' id='word_1_121' title='bbox 1202 1814 1303 1856; x_wconf 87' lang='lat' dir='ltr'>coram</span> 
     </span>
     <span class='ocr_line' id='line_1_18' title="bbox 198 1811 1304 1956; baseline 0.003 -18"><span class='ocrx_word' id='word_1_122' title='bbox 198 1811 312 1938; x_wconf 58' lang='lat' dir='ltr'>arfasto</span> <span class='ocrx_word' id='word_1_123' title='bbox 340 1871 424 1937; x_wconf 85' lang='lat' dir='ltr'>facit</span> <span class='ocrx_word' id='word_1_124' title='bbox 478 1874 542 1954; x_wconf 79' lang='lat' dir='ltr'>Qui</span> <span class='ocrx_word' id='word_1_125' title='bbox 569 1873 620 1937; x_wconf 83' lang='lat' dir='ltr'>vir</span> <span class='ocrx_word' id='word_1_126' title='bbox 646 1871 874 1956; x_wconf 86' lang='lat' dir='ltr'>memorabilis,</span> <span class='ocrx_word' id='word_1_127' title='bbox 907 1896 982 1938; x_wconf 90' lang='lat' dir='ltr'>cum</span> <span class='ocrx_word' id='word_1_128' title='bbox 1013 1886 1098 1939; x_wconf 90' lang='lat' dir='ltr'>esset</span> <span class='ocrx_word' id='word_1_129' title='bbox 1128 1875 1251 1940; x_wconf 66' lang='lat' dir='ltr'>divitiis</span> <span class='ocrx_word' id='word_1_130' title='bbox 1276 1886 1304 1941; x_wconf 91' lang='lat' dir='ltr'>et</span> 
     </span>
     <span class='ocr_line' id='line_1_19' title="bbox 199 1955 1302 2046; baseline 0.003 -25"><span class='ocrx_word' id='word_1_131' title='bbox 199 1955 363 2023; x_wconf 87' lang='lat' dir='ltr'>nobilitate</span> <span class='ocrx_word' id='word_1_132' title='bbox 376 1955 616 2043; x_wconf 85' lang='lat' dir='ltr'>litterarumque</span> <span class='ocrx_word' id='word_1_133' title='bbox 631 1958 763 2023; x_wconf 89' lang='lat' dir='ltr'>seientia</span> <span class='ocrx_word' id='word_1_134' title='bbox 776 1956 858 2022; x_wconf 86' lang='lat' dir='ltr'>adeo</span> <span class='ocrx_word' id='word_1_135' title='bbox 873 1957 985 2040; x_wconf 87' lang='lat' dir='ltr'>clarus,</span> <span class='ocrx_word' id='word_1_136' title='bbox 1006 1979 1048 2022; x_wconf 89' lang='lat' dir='ltr'>an</span> <span class='ocrx_word' id='word_1_137' title='bbox 1061 1982 1139 2044; x_wconf 90' lang='lat' dir='ltr'>rege</span> <span class='ocrx_word' id='word_1_138' title='bbox 1156 1959 1302 2046; x_wconf 84' lang='lat' dir='ltr'>largiente</span> 
     </span>
     <span class='ocr_line' id='line_1_20' title="bbox 198 2040 1302 2191; baseline 0.001 -85"><span class='ocrx_word' id='word_1_139' title='bbox 198 2041 422 2191; x_wconf 66' lang='lat' dir='ltr'>episcopatum</span> <span class='ocrx_word' id='word_1_140' title='bbox 454 2042 539 2105; x_wconf 86' lang='lat' dir='ltr'>susci</span> <span class='ocrx_word' id='word_1_141' title='bbox 563 2064 616 2106; x_wconf 89' lang='lat' dir='ltr'>ere</span> <span class='ocrx_word' id='word_1_142' title='bbox 642 2040 768 2124; x_wconf 82' lang='lat' dir='ltr'>audeat,</span> <span class='ocrx_word' id='word_1_143' title='bbox 800 2042 1011 2106; x_wconf 54' lang='lat' dir='ltr'>sciscitatum.</span> <span class='ocrx_word' id='word_1_144' title='bbox 1070 2043 1204 2108; x_wconf 88' lang='lat' dir='ltr'>Etenim</span> <span class='ocrx_word' id='word_1_145' title='bbox 1235 2055 1302 2109; x_wconf 87' lang='lat' dir='ltr'>tuno</span> 
     </span>
     <span class='ocr_line' id='line_1_21' title="bbox 198 2063 1303 2295; baseline 0.001 -21"><span class='ocrx_word' id='word_1_146' title='bbox 198 2135 315 2274; x_wconf 76' lang='grc' dir='ltr'><strong>ῒῒυῒ</strong></span> <span class='ocrx_word' id='word_1_147' title='bbox 336 2063 608 2274; x_wconf 52' lang='lat' dir='ltr'>ranae</span> <span class='ocrx_word' id='word_1_148' title='bbox 627 2123 1303 2295; x_wconf 64' lang='grc' dir='ltr'>ἰΠῒῒῒῒῒῒῒυῒῒῒῒῒυῒῒῒῒ</span> 
     </span>
     <span class='ocr_line' id='line_1_22' title="bbox 198 2220 1302 2380; baseline 0.003 -22"><span class='ocrx_word' id='word_1_149' title='bbox 198 2220 879 2380; x_wconf 59' lang='lat' dir='ltr'>omnes&#39;ettluseepmmmgeiadefensbmm,</span> <span class='ocrx_word' id='word_1_150' title='bbox 894 2295 1068 2380; x_wconf 89' lang='lat' dir='ltr'>respondit.</span> <span class='ocrx_word' id='word_1_151' title='bbox 1081 2236 1199 2375; x_wconf 68' lang='lat' dir='ltr'>²Quoil</span> <span class='ocrx_word' id='word_1_152' title='bbox 1215 2235 1302 2361; x_wconf 65' lang='lat' dir='ltr'>iiiam</span> 
     </span>
     <span class='ocr_line' id='line_1_23' title="bbox 197 2376 928 2463; baseline -0.003 -21"><span class='ocrx_word' id='word_1_153' title='bbox 197 2377 329 2444; x_wconf 87' lang='lat' dir='ltr'>multam</span> <span class='ocrx_word' id='word_1_154' title='bbox 351 2376 414 2442; x_wconf 87' lang='lat' dir='ltr'>sibi</span> <span class='ocrx_word' id='word_1_155' title='bbox 435 2379 525 2442; x_wconf 89' lang='lat' dir='ltr'>ducis</span> <span class='ocrx_word' id='word_1_156' title='bbox 547 2379 699 2442; x_wconf 84' lang='lat' dir='ltr'>invidiam</span> <span class='ocrx_word' id='word_1_157' title='bbox 721 2379 928 2463; x_wconf 87' lang='lat' dir='ltr'>comparavit.</span> 
     </span>
    </p>

    <p class='ocr_par' dir='ltr' id='par_1_6' title="bbox 79 2459 1304 2813">
     <span class='ocr_line' id='line_1_24' title="bbox 79 2459 1302 2549; baseline -0.004 -16"><span class='ocrx_word' id='word_1_158' title='bbox 79 2485 119 2542; x_wconf 75' lang='lat' dir='ltr'>‘a</span> <span class='ocrx_word' id='word_1_159' title='bbox 135 2491 186 2534; x_wconf 83' lang='lat' dir='ltr'>sis.</span> <span class='ocrx_word' id='word_1_160' title='bbox 281 2462 352 2531; x_wconf 68' lang='lat'>⁴19.</span> <span class='ocrx_word' id='word_1_161' title='bbox 385 2460 582 2528; x_wconf 89' lang='lat' dir='ltr'>Ordinatur⁴</span> <span class='ocrx_word' id='word_1_162' title='bbox 608 2463 717 2547; x_wconf 84' lang='lat' dir='ltr'>itaque</span> <span class='ocrx_word' id='word_1_163' title='bbox 745 2462 798 2524; x_wconf 82' lang='lat' dir='ltr'>in⁰</span> <span class='ocrx_word' id='word_1_164' title='bbox 820 2459 953 2524; x_wconf 87' lang='lat' dir='ltr'>basilica</span> <span class='ocrx_word' id='word_1_165' title='bbox 980 2463 1080 2526; x_wconf 86' lang='lat' dir='ltr'>sancti</span> <span class='ocrx_word' id='word_1_166' title='bbox 1105 2462 1247 2549; x_wconf 88' lang='lat' dir='ltr'>Remigii</span> <span class='ocrx_word' id='word_1_167' title='bbox 1266 2463 1302 2528; x_wconf 87' lang='lat' dir='ltr'>ab</span> 
     </span>
     <span class='ocr_line' id='line_1_25' title="bbox 196 2543 1304 2695; baseline 0 -84"><span class='ocrx_word' id='word_1_168' title='bbox 196 2548 356 2695; x_wconf 47' lang='lat' dir='ltr'>{piscopio</span> <span class='ocrx_word' id='word_1_169' title='bbox 384 2546 549 2693; x_wconf 54' lang='lat' dir='ltr'>Relpiiemis</span> <span class='ocrx_word' id='word_1_170' title='bbox 575 2543 760 2694; x_wconf 57' lang='lat' dir='ltr'>mletropolis</span> <span class='ocrx_word' id='word_1_171' title='bbox 789 2545 1170 2694; x_wconf 44' lang='lat' dir='ltr'>{³⁰(iiiaiess&#39;civtiadssni</span> <span class='ocrx_word' id='word_1_172' title='bbox 1188 2547 1304 2695; x_wconf 52' lang='lat' dir='ltr'>scilpppt</span> 
     </span>
     <span class='ocr_line' id='line_1_26' title="bbox 197 2650 1303 2813; baseline 0.002 -37"><span class='ocrx_word' id='word_1_173' title='bbox 197 2650 673 2813; x_wconf 36' lang='lat' dir='ltr'>mpopppbmppsppneatqu</span> <span class='ocrx_word' id='word_1_174' title='bbox 692 2651 850 2777; x_wconf 55' lang='lat' dir='ltr'>lviiidie</span> <span class='ocrx_word' id='word_1_175' title='bbox 871 2651 1073 2811; x_wconf 63' lang='lat' dir='ltr'>lViiildniibensi.</span> <span class='ocrx_word' id='word_1_176' title='bbox 1114 2653 1303 2801; x_wconf 40' lang='lat' dir='ltr'>uigiliisque</span> 
     </span>
    </p>

    <p class='ocr_par' dir='ltr' id='par_1_7' title="bbox 135 2794 1303 3112">
     <span class='ocr_line' id='line_1_27' title="bbox 135 2794 1303 2961; baseline 0.003 -18"><span class='ocrx_word' id='word_1_177' title='bbox 135 2794 316 2943; x_wconf 51' lang='lat' dir='ltr'>latta</span> <span class='ocrx_word' id='word_1_178' title='bbox 336 2807 593 2943; x_wconf 47' lang='lat' dir='ltr'>attrabat</span> <span class='ocrx_word' id='word_1_179' title='bbox 621 2819 781 2961; x_wconf 54' lang='lat' dir='ltr'>aa?</span> <span class='ocrx_word' id='word_1_180' title='bbox 797 2795 1303 2948; x_wconf 52' lang='lat' dir='ltr'>altlaaaaffasszti</span> 
     </span>
     <span class='ocr_line' id='line_1_28' title="bbox 197 2961 1301 3050; baseline 0.002 -24"><span class='ocrx_word' id='word_1_181' title='bbox 197 2961 325 3049; x_wconf 74' lang='lat' dir='ltr'>Atque⁶</span> <span class='ocrx_word' id='word_1_182' title='bbox 354 2962 428 3027; x_wconf 88' lang='lat' dir='ltr'>inde</span> <span class='ocrx_word' id='word_1_183' title='bbox 457 2985 515 3048; x_wconf 91' lang='lat' dir='ltr'>per</span> <span class='ocrx_word' id='word_1_184' title='bbox 540 2973 605 3029; x_wconf 87' lang='lat' dir='ltr'>tres</span> <span class='ocrx_word' id='word_1_185' title='bbox 639 2965 763 3029; x_wconf 88' lang='lat' dir='ltr'>dierum</span> <span class='ocrx_word' id='word_1_186' title='bbox 795 2964 1016 3050; x_wconf 84' lang='lat' dir='ltr'>quadragenas</span> <span class='ocrx_word' id='word_1_187' title='bbox 1048 2968 1209 3031; x_wconf 84' lang='lat' dir='ltr'>concessit</span> <span class='ocrx_word' id='word_1_188' title='bbox 1240 2988 1301 3030; x_wconf 89' lang='lat' dir='ltr'>esse</span> 
     </span>
     <span class='ocr_line' id='line_1_29' title="bbox 196 3045 433 3112; baseline 0.004 -2"><span class='ocrx_word' id='word_1_189' title='bbox 196 3045 433 3112; x_wconf 85' lang='lat' dir='ltr'>consulendum.</span> 
     </span>
    </p>

    <p class='ocr_par' dir='ltr' id='par_1_8' title="bbox 136 3129 1302 3470">
     <span class='ocr_line' id='line_1_30' title="bbox 136 3129 1301 3218; baseline -0.002 -18"><span class='ocrx_word' id='word_1_190' title='bbox 136 3159 185 3200; x_wconf 83' lang='lat' dir='ltr'>soi.</span> <span class='ocrx_word' id='word_1_191' title='bbox 279 3131 330 3196; x_wconf 79' lang='lat'>20.</span> <span class='ocrx_word' id='word_1_192' title='bbox 362 3129 606 3197; x_wconf 76' lang='lat' dir='ltr'>Evolutofvero</span> <span class='ocrx_word' id='word_1_193' title='bbox 621 3142 774 3218; x_wconf 87' lang='lat' dir='ltr'>tempore,</span> <span class='ocrx_word' id='word_1_194' title='bbox 794 3130 986 3196; x_wconf 84' lang='lat' dir='ltr'>Tetbaldum</span> <span class='ocrx_word' id='word_1_195' title='bbox 1001 3133 1220 3198; x_wconf 84' lang='lat' dir='ltr'>Turonieum⁵</span> <span class='ocrx_word' id='word_1_196' title='bbox 1236 3155 1301 3197; x_wconf 87' lang='lat' dir='ltr'>cum</span> 
     </span>
     <span class='ocr_line' id='line_1_31' title="bbox 195 3213 1302 3301; baseline 0.001 -23"><span class='ocrx_word' id='word_1_197' title='bbox 195 3213 266 3280; x_wconf 87' lang='lat' dir='ltr'>aliis</span> <span class='ocrx_word' id='word_1_198' title='bbox 280 3237 387 3280; x_wconf 89' lang='lat' dir='ltr'>rerum</span> <span class='ocrx_word' id='word_1_199' title='bbox 397 3214 703 3281; x_wconf 84' lang='lat' dir='ltr'>aecclesiasticarum</span> <span class='ocrx_word' id='word_1_200' title='bbox 714 3216 938 3301; x_wconf 83' lang='lat' dir='ltr'>pervasoribus</span> <span class='ocrx_word' id='word_1_201' title='bbox 952 3215 1153 3281; x_wconf 86' lang='lat' dir='ltr'>anathemate</span> <span class='ocrx_word' id='word_1_202' title='bbox 1165 3217 1302 3281; x_wconf 82' lang='lat' dir='ltr'>damnat.</span> 
     </span>
     <span class='ocr_line' id='line_1_32' title="bbox 195 3299 1301 3386; baseline 0.001 -23"><span class='ocrx_word' id='word_1_203' title='bbox 195 3299 272 3366; x_wconf 85' lang='lat' dir='ltr'>Post</span> <span class='ocrx_word' id='word_1_204' title='bbox 300 3321 364 3364; x_wconf 90' lang='lat' dir='ltr'>non</span> <span class='ocrx_word' id='word_1_205' title='bbox 392 3299 508 3365; x_wconf 85' lang='lat' dir='ltr'>multos</span> <span class='ocrx_word' id='word_1_206' title='bbox 533 3311 640 3366; x_wconf 89' lang='lat' dir='ltr'>autem</span> <span class='ocrx_word' id='word_1_207' title='bbox 669 3300 737 3365; x_wconf 84' lang='lat' dir='ltr'>dies</span> <span class='ocrx_word' id='word_1_208' title='bbox 764 3301 939 3386; x_wconf 89' lang='lat' dir='ltr'>penitentia</span> <span class='ocrx_word' id='word_1_209' title='bbox 963 3300 1059 3378; x_wconf 87' lang='lat' dir='ltr'>ducti,</span> <span class='ocrx_word' id='word_1_210' title='bbox 1081 3301 1124 3363; x_wconf 89' lang='lat' dir='ltr'>ad</span> <span class='ocrx_word' id='word_1_211' title='bbox 1145 3302 1301 3386; x_wconf 85' lang='lat' dir='ltr'>presulem</span> 
     </span>
     <span class='ocr_line' id='line_1_33' title="bbox 195 3382 1302 3470; baseline -0.001 -22"><span class='ocrx_word' id='word_1_212' title='bbox 195 3384 385 3450; x_wconf 83' lang='lat' dir='ltr'>satisfacturi</span> <span class='ocrx_word' id='word_1_213' title='bbox 420 3384 554 3450; x_wconf 89' lang='lat' dir='ltr'>redeunt</span> <span class='ocrx_word' id='word_1_214' title='bbox 588 3393 684 3470; x_wconf 88' lang='lat' dir='ltr'>atque</span> <span class='ocrx_word' id='word_1_215' title='bbox 719 3407 770 3448; x_wconf 89' lang='lat' dir='ltr'>res</span> <span class='ocrx_word' id='word_1_216' title='bbox 801 3405 951 3468; x_wconf 84' lang='lat' dir='ltr'>pervasas</span> <span class='ocrx_word' id='word_1_217' title='bbox 982 3382 1126 3468; x_wconf 87' lang='lat' dir='ltr'>legaliter</span> <span class='ocrx_word' id='word_1_218' title='bbox 1157 3386 1302 3450; x_wconf 86' lang='lat' dir='ltr'>reddunt.</span> 
     </span>
    </p>

    <p class='ocr_par' dir='ltr' id='par_1_9' title="bbox 134 3466 1300 3722">
     <span class='ocr_line' id='line_1_34' title="bbox 134 3466 1300 3556; baseline -0.004 -20"><span class='ocrx_word' id='word_1_219' title='bbox 134 3493 185 3536; x_wconf 80' lang='lat' dir='ltr'>aas.</span> <span class='ocrx_word' id='word_1_220' title='bbox 193 3468 324 3554; x_wconf 85' lang='lat' dir='ltr'>Recipit</span> <span class='ocrx_word' id='word_1_221' title='bbox 343 3470 451 3556; x_wconf 88' lang='lat' dir='ltr'>itaque</span> <span class='ocrx_word' id='word_1_222' title='bbox 470 3469 606 3534; x_wconf 87' lang='lat' dir='ltr'>domnus</span> <span class='ocrx_word' id='word_1_223' title='bbox 628 3466 735 3554; x_wconf 90' lang='lat' dir='ltr'>presul</span> <span class='ocrx_word' id='word_1_224' title='bbox 759 3466 800 3531; x_wconf 86' lang='lat' dir='ltr'>ab</span> <span class='ocrx_word' id='word_1_225' title='bbox 822 3466 992 3532; x_wconf 88' lang='lat' dir='ltr'>Heriberto</span> <span class='ocrx_word' id='word_1_226' title='bbox 1015 3467 1143 3552; x_wconf 91' lang='lat' dir='ltr'>quidem</span> <span class='ocrx_word' id='word_1_227' title='bbox 1168 3469 1300 3555; x_wconf 83' lang='lat' dir='ltr'>Sperna-</span> 
     </span>
     <span class='ocr_line' id='line_1_35' title="bbox 194 3549 1300 3638; baseline 0 -22"><span class='ocrx_word' id='word_1_228' title='bbox 194 3564 286 3617; x_wconf 73' lang='lat' dir='ltr'>cumt</span> <span class='ocrx_word' id='word_1_229' title='bbox 308 3555 415 3617; x_wconf 89' lang='lat' dir='ltr'>vicum</span> <span class='ocrx_word' id='word_1_230' title='bbox 444 3551 635 3638; x_wconf 91' lang='lat' dir='ltr'>populosum</span> <span class='ocrx_word' id='word_1_231' title='bbox 656 3563 716 3615; x_wconf 63' lang='lat' dir='ltr'>aet</span> <span class='ocrx_word' id='word_1_232' title='bbox 747 3549 942 3637; x_wconf 87' lang='lat' dir='ltr'>opulentum,</span> <span class='ocrx_word' id='word_1_233' title='bbox 978 3551 1018 3615; x_wconf 87' lang='lat' dir='ltr'>ab</span> <span class='ocrx_word' id='word_1_234' title='bbox 1040 3551 1200 3617; x_wconf 78' lang='lat' dir='ltr'>&#39;letbaldo</span> <span class='ocrx_word' id='word_1_235' title='bbox 1230 3574 1300 3619; x_wconf 88' lang='lat' dir='ltr'>vero</span> 
     </span>
     <span class='ocr_line' id='line_1_36' title="bbox 194 3635 1299 3722; baseline -0.003 -21"><span class='ocrx_word' id='word_1_236' title='bbox 194 3647 334 3702; x_wconf 88' lang='lat' dir='ltr'>castrum</span> <span class='ocrx_word' id='word_1_237' title='bbox 351 3636 587 3718; x_wconf 73' lang='lat' dir='ltr'>Oodiciacum²‚</span> <span class='ocrx_word' id='word_1_238' title='bbox 602 3647 744 3722; x_wconf 76' lang='lat' dir='ltr'>eosque⁸</span> <span class='ocrx_word' id='word_1_239' title='bbox 758 3657 778 3698; x_wconf 90' lang='lat' dir='ltr'>a</span> <span class='ocrx_word' id='word_1_240' title='bbox 792 3635 919 3699; x_wconf 90' lang='lat' dir='ltr'>vinculo</span> <span class='ocrx_word' id='word_1_241' title='bbox 934 3635 1143 3700; x_wconf 85' lang='lat' dir='ltr'>anathematis</span> <span class='ocrx_word' id='word_1_242' title='bbox 1158 3637 1299 3702; x_wconf 89' lang='lat' dir='ltr'>absolvit.</span> 
     </span>
    </p>
   </div>
   <div class='ocr_carea' id='block_1_3' title="bbox 193 3759 1301 3931">
    <p class='ocr_par' dir='ltr' id='par_1_10' title="bbox 193 3759 1301 3931">
     <span class='ocr_line' id='line_1_37' title="bbox 252 3759 1299 3813; baseline -0.001 -12"><span class='ocrx_word' id='word_1_243' title='bbox 252 3759 274 3813; x_wconf 85' lang='lat' dir='ltr'>a)</span> <span class='ocrx_word' id='word_1_244' title='bbox 291 3763 322 3801; x_wconf 79' lang='lat' dir='ltr'>tta</span> <span class='ocrx_word' id='word_1_245' title='bbox 337 3775 353 3801; x_wconf 77' lang='lat' dir='ltr'>e</span> <span class='ocrx_word' id='word_1_246' title='bbox 423 3762 446 3813; x_wconf 89' lang='lat' dir='ltr'>b)</span> <span class='ocrx_word' id='word_1_247' title='bbox 466 3762 493 3802; x_wconf 84' lang='lat' dir='ltr'>A.</span> <span class='ocrx_word' id='word_1_248' title='bbox 510 3774 584 3812; x_wconf 83' lang='lat' dir='ltr'>papae</span> <span class='ocrx_word' id='word_1_249' title='bbox 601 3764 622 3804; x_wconf 92' lang='lat'>1.</span> <span class='ocrx_word' id='word_1_250' title='bbox 689 3760 710 3813; x_wconf 82' lang='lat' dir='ltr'>c)</span> <span class='ocrx_word' id='word_1_251' title='bbox 730 3773 745 3801; x_wconf 84' lang='lat' dir='ltr'>a</span> <span class='ocrx_word' id='word_1_252' title='bbox 760 3767 778 3801; x_wconf 78' lang='lat' dir='ltr'>et</span> <span class='ocrx_word' id='word_1_253' title='bbox 794 3763 872 3802; x_wconf 83' lang='lat' dir='ltr'>Remis</span> <span class='ocrx_word' id='word_1_254' title='bbox 887 3763 979 3801; x_wconf 80' lang='lat' dir='ltr'>scribere</span> <span class='ocrx_word' id='word_1_255' title='bbox 993 3767 1095 3810; x_wconf 73' lang='lat' dir='ltr'>coeptam.</span> <span class='ocrx_word' id='word_1_256' title='bbox 1160 3761 1183 3812; x_wconf 85' lang='lat' dir='ltr'>d)</span> <span class='ocrx_word' id='word_1_257' title='bbox 1206 3764 1299 3811; x_wconf 77' lang='lat' dir='ltr'>alitione</span> 
     </span>
     <span class='ocr_line' id='line_1_38' title="bbox 194 3819 1301 3872; baseline 0.002 -13"><span class='ocrx_word' id='word_1_258' title='bbox 194 3822 312 3860; x_wconf 78' lang='lat' dir='ltr'>nonnuliis</span> <span class='ocrx_word' id='word_1_259' title='bbox 325 3821 395 3870; x_wconf 73' lang='lat' dir='ltr'>perqit</span> <span class='ocrx_word' id='word_1_260' title='bbox 413 3824 433 3861; x_wconf 87' lang='grc'>1.</span> <span class='ocrx_word' id='word_1_261' title='bbox 507 3820 529 3871; x_wconf 91' lang='lat' dir='ltr'>e)</span> <span class='ocrx_word' id='word_1_262' title='bbox 546 3822 579 3862; x_wconf 79' lang='lat' dir='ltr'>Ao</span> <span class='ocrx_word' id='word_1_263' title='bbox 597 3823 615 3862; x_wconf 91' lang='lat'>1.</span> <span class='ocrx_word' id='word_1_264' title='bbox 688 3819 706 3871; x_wconf 83' lang='lat' dir='ltr'>I)</span> <span class='ocrx_word' id='word_1_265' title='bbox 723 3832 778 3870; x_wconf 78' lang='lat' dir='ltr'>quoe</span> <span class='ocrx_word' id='word_1_266' title='bbox 792 3826 913 3871; x_wconf 76' lang='lat' dir='ltr'>sequuntur</span> <span class='ocrx_word' id='word_1_267' title='bbox 929 3842 955 3851; x_wconf 91' lang='grc'><strong>-</strong></span> <span class='ocrx_word' id='word_1_268' title='bbox 972 3821 1075 3861; x_wconf 83' lang='lat' dir='ltr'>annectit</span> <span class='ocrx_word' id='word_1_269' title='bbox 1091 3820 1117 3872; x_wconf 84' lang='lat' dir='ltr'>(e.</span> <span class='ocrx_word' id='word_1_270' title='bbox 1135 3821 1173 3872; x_wconf 81' lang='lat'>21)</span> <span class='ocrx_word' id='word_1_271' title='bbox 1187 3819 1301 3871; x_wconf 75' lang='lat' dir='ltr'>posteriori</span> 
     </span>
     <span class='ocr_line' id='line_1_39' title="bbox 193 3879 817 3931; baseline 0 -14"><span class='ocrx_word' id='word_1_272' title='bbox 193 3883 284 3928; x_wconf 80' lang='lat' dir='ltr'>tempore</span> <span class='ocrx_word' id='word_1_273' title='bbox 300 3879 324 3918; x_wconf 83' lang='lat' dir='ltr'>ia</span> <span class='ocrx_word' id='word_1_274' title='bbox 339 3880 383 3918; x_wconf 81' lang='lat' dir='ltr'>loro</span> <span class='ocrx_word' id='word_1_275' title='bbox 400 3890 451 3919; x_wconf 79' lang='lat' dir='ltr'>roso</span> <span class='ocrx_word' id='word_1_276' title='bbox 467 3880 541 3918; x_wconf 81' lang='lat' dir='ltr'>addito</span> <span class='ocrx_word' id='word_1_277' title='bbox 552 3881 659 3919; x_wconf 78' lang='lat' dir='ltr'>videntur.</span> <span class='ocrx_word' id='word_1_278' title='bbox 718 3879 741 3931; x_wconf 76' lang='lat' dir='ltr'>g)</span> <span class='ocrx_word' id='word_1_279' title='bbox 759 3884 782 3920; x_wconf 85' lang='lat' dir='ltr'>at</span> <span class='ocrx_word' id='word_1_280' title='bbox 799 3882 817 3918; x_wconf 94' lang='lat' dir='ltr'>l.</span> 
     </span>
    </p>
   </div>
   <div class='ocr_carea' id='block_1_4' title="bbox 192 3978 1304 4415">
    <p class='ocr_par' dir='ltr' id='par_1_11' title="bbox 192 3978 1304 4415">
     <span class='ocr_line' id='line_1_40' title="bbox 268 3978 1300 4050; baseline 0.004 -21"><span class='ocrx_word' id='word_1_281' title='bbox 268 3978 296 4046; x_wconf 92' lang='lat'>1)</span> <span class='ocrx_word' id='word_1_282' title='bbox 316 3981 390 4031; x_wconf 89' lang='lat' dir='ltr'>Tunc</span> <span class='ocrx_word' id='word_1_283' title='bbox 409 3981 543 4032; x_wconf 88' lang='lat' dir='ltr'>Iohannes</span> <span class='ocrx_word' id='word_1_284' title='bbox 556 3982 619 4032; x_wconf 89' lang='lat' dir='ltr'>XII.</span> <span class='ocrx_word' id='word_1_285' title='bbox 634 3982 722 4033; x_wconf 87' lang='lat' dir='ltr'>adhuc</span> <span class='ocrx_word' id='word_1_286' title='bbox 742 3983 834 4034; x_wconf 85' lang='lat' dir='ltr'>sedem</span> <span class='ocrx_word' id='word_1_287' title='bbox 848 3982 1027 4050; x_wconf 84' lang='lat' dir='ltr'>pontificalem</span> <span class='ocrx_word' id='word_1_288' title='bbox 1040 3985 1160 4037; x_wconf 86' lang='lat' dir='ltr'>tenebat.</span> <span class='ocrx_word' id='word_1_289' title='bbox 1220 3981 1248 4050; x_wconf 81' lang='lat'>2)</span> <span class='ocrx_word' id='word_1_290' title='bbox 1261 3985 1300 4034; x_wconf 88' lang='lat' dir='ltr'>De</span> 
     </span>
     <span class='ocr_line' id='line_1_41' title="bbox 193 4053 1301 4122; baseline 0.004 -18"><span class='ocrx_word' id='word_1_291' title='bbox 193 4069 247 4120; x_wconf 87' lang='lat' dir='ltr'>qua</span> <span class='ocrx_word' id='word_1_292' title='bbox 263 4054 296 4103; x_wconf 82' lang='lat' dir='ltr'>of.</span> <span class='ocrx_word' id='word_1_293' title='bbox 312 4053 477 4118; x_wconf 74' lang='lat' dir='ltr'>Baliarium,</span> <span class='ocrx_word' id='word_1_294' title='bbox 491 4054 611 4106; x_wconf 82' lang='lat' dir='ltr'>Ratherii</span> <span class='ocrx_word' id='word_1_295' title='bbox 629 4057 678 4122; x_wconf 87' lang='lat' dir='ltr'>Op.</span> <span class='ocrx_word' id='word_1_296' title='bbox 695 4074 721 4122; x_wconf 93' lang='lat' dir='ltr'>p.</span> <span class='ocrx_word' id='word_1_297' title='bbox 741 4057 812 4108; x_wconf 84' lang='lat' dir='ltr'>cxi.</span> <span class='ocrx_word' id='word_1_298' title='bbox 879 4055 908 4122; x_wconf 85' lang='grc'>3)</span> <span class='ocrx_word' id='word_1_299' title='bbox 934 4058 1011 4106; x_wconf 85' lang='lat' dir='ltr'>Haec</span> <span class='ocrx_word' id='word_1_300' title='bbox 1030 4056 1101 4121; x_wconf 87' lang='lat' dir='ltr'>apud</span> <span class='ocrx_word' id='word_1_301' title='bbox 1121 4057 1301 4109; x_wconf 80' lang='lat' dir='ltr'>Floiloardum</span> 
     </span>
     <span class='ocr_line' id='line_1_42' title="bbox 192 4127 1299 4196; baseline 0.002 -18"><span class='ocrx_word' id='word_1_302' title='bbox 192 4128 290 4178; x_wconf 79' lang='lat' dir='ltr'>trustra</span> <span class='ocrx_word' id='word_1_303' title='bbox 309 4142 431 4193; x_wconf 84' lang='lat' dir='ltr'>quaeras.</span> <span class='ocrx_word' id='word_1_304' title='bbox 505 4128 532 4190; x_wconf 87' lang='grc'>4)</span> <span class='ocrx_word' id='word_1_305' title='bbox 554 4127 584 4179; x_wconf 83' lang='lat' dir='ltr'>O.</span> <span class='ocrx_word' id='word_1_306' title='bbox 606 4129 647 4178; x_wconf 83' lang='lat'>19.</span> <span class='ocrx_word' id='word_1_307' title='bbox 668 4129 713 4180; x_wconf 80' lang='lat'>20.</span> <span class='ocrx_word' id='word_1_308' title='bbox 741 4129 795 4180; x_wconf 84' lang='lat' dir='ltr'>Sed</span> <span class='ocrx_word' id='word_1_309' title='bbox 815 4131 896 4181; x_wconf 86' lang='lat' dir='ltr'>verba</span> <span class='ocrx_word' id='word_1_310' title='bbox 915 4127 1050 4180; x_wconf 77' lang='lat' dir='ltr'>Bemenrr&#39;s</span> <span class='ocrx_word' id='word_1_311' title='bbox 1062 4129 1215 4196; x_wconf 77' lang='lat' dir='ltr'>metropolis</span> <span class='ocrx_word' id='word_1_312' title='bbox 1234 4133 1299 4182; x_wconf 84' lang='lat' dir='ltr'>inse·</span> 
     </span>
     <span class='ocr_line' id='line_1_43' title="bbox 193 4201 1304 4260; baseline 0 -8"><span class='ocrx_word' id='word_1_313' title='bbox 193 4201 245 4252; x_wconf 89' lang='lat' dir='ltr'>ruit</span> <span class='ocrx_word' id='word_1_314' title='bbox 263 4201 348 4251; x_wconf 85' lang='lat' dir='ltr'>minus</span> <span class='ocrx_word' id='word_1_315' title='bbox 368 4205 449 4260; x_wconf 86' lang='lat' dir='ltr'>reete,</span> <span class='ocrx_word' id='word_1_316' title='bbox 469 4216 528 4251; x_wconf 86' lang='lat' dir='ltr'>cnm</span> <span class='ocrx_word' id='word_1_317' title='bbox 548 4201 693 4253; x_wconf 86' lang='lat' dir='ltr'>Wiefridus</span> <span class='ocrx_word' id='word_1_318' title='bbox 712 4203 886 4254; x_wconf 86' lang='lat' dir='ltr'>Virdunensis</span> <span class='ocrx_word' id='word_1_319' title='bbox 900 4204 1057 4253; x_wconf 86' lang='lat' dir='ltr'>Treveiensi</span> <span class='ocrx_word' id='word_1_320' title='bbox 1076 4203 1215 4256; x_wconf 88' lang='lat' dir='ltr'>subiectus</span> <span class='ocrx_word' id='word_1_321' title='bbox 1235 4207 1304 4256; x_wconf 82' lang='lat' dir='ltr'>esset</span> 
     </span>
     <span class='ocr_line' id='line_1_44' title="bbox 193 4272 1302 4345; baseline 0 -21"><span class='ocrx_word' id='word_1_322' title='bbox 193 4274 443 4341; x_wconf 82' lang='lat' dir='ltr'>archiepiscopatui.</span> <span class='ocrx_word' id='word_1_323' title='bbox 490 4272 518 4339; x_wconf 79' lang='lat' dir='ltr'>b]</span> <span class='ocrx_word' id='word_1_324' title='bbox 534 4274 704 4326; x_wconf 78' lang='lat' dir='ltr'>carnotensis</span> <span class='ocrx_word' id='word_1_325' title='bbox 719 4277 874 4327; x_wconf 85' lang='lat' dir='ltr'>comesfuit.</span> <span class='ocrx_word' id='word_1_326' title='bbox 932 4272 961 4341; x_wconf 92' lang='grc'>6)</span> <span class='ocrx_word' id='word_1_327' title='bbox 972 4277 1106 4343; x_wconf 81' lang='lat' dir='ltr'>Epernay.</span> <span class='ocrx_word' id='word_1_328' title='bbox 1164 4276 1302 4345; x_wconf 60' lang='lat' dir='ltr'>money.</span> 
     </span>
     <span class='ocr_line' id='line_1_45' title="bbox 192 4345 748 4415; baseline 0.007 -19"><span class='ocrx_word' id='word_1_329' title='bbox 192 4345 222 4415; x_wconf 83' lang='lat'>8)</span> <span class='ocrx_word' id='word_1_330' title='bbox 241 4362 367 4414; x_wconf 83' lang='lat' dir='ltr'>quemque</span> <span class='ocrx_word' id='word_1_331' title='bbox 387 4345 416 4413; x_wconf 81' lang='lat' dir='ltr'>(i.</span> <span class='ocrx_word' id='word_1_332' title='bbox 437 4362 460 4398; x_wconf 84' lang='lat' dir='ltr'>e.</span> <span class='ocrx_word' id='word_1_333' title='bbox 480 4346 651 4413; x_wconf 79' lang='lat' dir='ltr'>Tetbaldum)</span> <span class='ocrx_word' id='word_1_334' title='bbox 670 4347 748 4400; x_wconf 84' lang='lat' dir='ltr'>Flod.</span> 
     </span>
    </p>
   </div>
   <div class='ocr_carea' id='block_1_5' title="bbox 0 0 1414 4824">
    <p class='ocr_par' dir='ltr' id='par_1_12' title="bbox 0 0 1414 4824">
     <span class='ocr_line' id='line_1_46' title="bbox 0 0 1414 4824; baseline 0 0"><span class='ocrx_word' id='word_1_335' title='bbox 0 0 1414 4824; x_wconf 95' lang='lat' dir='ltr'> </span> 
     </span>
    </p>
   </div>
  </div>
 </body>
</html>
