2820 4824
198 361 249 411 162
454 355 608 409 RICHERI
628 355 881 406 HISTORIARUM
899 354 1013 406 LIBER
1032 354 1104 407 1111.

134 547 213 590 sone
238 526 395 609 iscopum,
416 521 586 586 Arnulfum
609 523 806 669 episcopum,
834 520 1100 585 Godesmannum
1122 523 1308 609 episcopum,

652 604 806 669 atbodum
822 606 1025 703 episcopum,
1049 603 1236 670 Walterum
1256 609 1307 755 epi·

80 606 133 647 ¹¹²³·
151 608 186 648 ¹⁷·
231 609 373 672 eriveum
395 607 592 691 episcopum,

198 713 342 776 scopum,
362 690 546 754 Brunonem
568 712 584 753 e
609 690 763 773 iscopum,
784 687 936 753 Mrlonem
955 710 1160 774 eprscopum,
1182 689 1265 753 Adal
1285 714 1308 756 e

197 796 308 839 ronem
331 775 528 858 episcopum,
552 712 699 836 Odonem
715 773 911 858 episcopum,
927 772 1138 839 Widoneme
1164 774 1307 860 iscopum,

198 857 404 921 Heribertum
437 857 645 941 episcopum,
681 856 830 920 constitui
861 855 940 918 mihi
971 856 1095 920 iudices
1155 856 1307 922 elictorum

197 962 342 1006 meorum
371 949 402 1005 et
426 962 540 1025 puram
561 941 639 1025 ipsis
661 939 890 1003 confessionem
917 937 1002 1022 dedi,
1031 962 1194 1026 quaerens
1221 964 1308 1007 reme

198 1025 288 1088 dium
316 1024 478 1109 penitendi
507 1033 539 1088 et
567 1022 701 1088 salutem
728 1024 853 1086 animae
883 1044 983 1104 meae,
1011 1033 1048 1088 ut
1068 1024 1257 1089 recederem
1276 1023 1306 1089 ab

199 1108 303 1173 officio
331 1119 362 1173 et
391 1108 565 1172 ministerio
590 1105 773 1192 pontificali,
802 1128 865 1192 quo
887 1128 938 1170 me
959 1128 1161 1192 recognosco
1184 1131 1253 1174 esse
1272 1110 1307 1172 in·

199 1192 342 1276 dignum,
365 1199 397 1256 et
418 1189 556 1255 alienum
578 1197 629 1253 me¹
650 1189 785 1255 reddens
808 1212 867 1275 pro
881 1188 1023 1254 reatibus
1038 1191 1132 1274 meis,
1154 1193 1306 1278 inquibus

198 1297 350 1362 peccasse
371 1284 492 1338 secreto
514 1275 615 1358 ipsisa
637 1273 799 1338 confessus
824 1296 895 1337 sum
923 1283 954 1338 et
981 1273 1166 1359 dequibus
1192 1275 1307 1360 publice

198 1381 234 1423 ar
255 1359 369 1441 uebar3
390 1380 428 1421 eo
451 1357 571 1421 scilicet
592 1356 698 1438 modo,
720 1368 756 1422 ut
776 1358 839 1443 ipsi
861 1359 924 1421 sint
944 1366 1041 1422 testes
1057 1368 1089 1423 et
1102 1360 1305 1443 potestateml

197 1383 335 1507 habeant
360 1440 572 1506 substituendi
594 1452 625 1506 et
646 1440 854 1505 consecrandi
881 1440 979 1506 alium
1000 1441 1034 1505 in
1055 1440 1129 1507 loco
1152 1465 1236 1526 meo,
1263 1443 1307 1543 qui

198 1526 294 1613 digne
322 1547 449 1610 preesse
476 1535 508 1589 et
534 1525 685 1609 prodesse
706 1525 809 1610 possit
829 1524 1013 1607 aecclesiae,
1043 1527 1096 1589 cui
1119 1536 1252 1592 actenus
1270 1549 1306 1590 m-

82 1622 120 1676 ·r·
137 1610 314 1694 ⁶4⁸·dignus
345 1608 458 1694 prefui.
511 1609 555 1671 Et
576 1618 611 1672 ut
631 1608 704 1672 inde
734 1607 839 1673 *ultra
863 1606 982 1672 nullam
1009 1610 1238 1694 repetitionem
1264 1618 1307 1676 aut

197 1691 483 1778 interpellationem
512 1692 700 1756 auctoritate
733 1693 884 1755 canonica
910 1692 1015 1757 facere
1043 1691 1194 1776 valeam,
1224 1715 1305 1758 manu

198 1798 270 1840 mea
288 1776 419 1860 propria
441 1774 643 1839 subscribens
665 1775 798 1840 firmavi.
843 1776 914 1855 Quo
936 1776 982 1838 ita
1003 1774 1159 1860 perlecto,
1181 1781 1227 1843 ita
1247 1778 1305 1842 sub-

199 1859 344 1943 scripsit
388 1859 460 1941 Ego
487 1857 640 1922 Arnulfus
670 1859 831 1945 quondam
852 1860 1025 1923 Remorum
1055 1861 1305 1948 archiepiscopus

199 1941 323 2007 subscri
350 1943 378 2005 si
387 1944 419 2004 θ’.
461 1941 595 2005 Necnon
617 1952 648 2007 ct
676 1943 836 2008 adstantes
867 1943 1011 2028 episcopi
1032 1943 1074 2007 ab
1096 1967 1137 2008 eo
1160 1967 1197 2010 ro
1221 1948 1264 2010 ati
1279 1953 1305 2009 ut

199 1964 449 2107 subscriberent,
482 2025 738 2112 subscripserunt
746 2038 767 2108 ⁰,
800 2035 895 2110 atque
928 2028 974 2090 sic
1007 2027 1036 2090 ei
1068 1968 1305 2114 responderint:

199 2109 394 2175 ‘Secundum
421 2109 651 2196 professionem
680 2120 712 2174 et
743 2110 1009 2195 subscriptionem
1036 2119 1129 2174 tuam
1160 2135 1251 2178 cessa
1274 2113 1304 2177 ab

199 2193 323 2259 officio’.
356 2193 514 2258 Posthac
536 2194 726 2258 sacramenti
747 2194 816 2258 iure
838 2192 896 2257 hos
919 2195 974 2278 qui
995 2195 1045 2257 sui
1066 2194 1198 2262 firerant
1218 2193 1305 2261 absol·

199 2279 246 2343 vit
264 2287 361 2364 atque
382 2276 561 2342 libertatem
575 2277 760 2341 transeundi
774 2278 808 2340 in
822 2279 872 2340 ius
887 2275 1015 2342 alterius
1030 2279 1137 2344 victus
1153 2281 1305 2346 concessit.

285 2416 335 2480 73.
378 2415 570 2501 Depositio‘1
591 2413 767 2498 Adalgeril
788 2415 957 2500 presbiteri
978 2417 1021 2479 a<l
1041 2417 1202 2501 gradibus
1212 2420 1237 2483 1.

40 2541 108 2583 sors.
122 2541 189 2583 sss.
282 2516 371 2580 Dum
403 2516 463 2580 hec
494 2515 594 2580 multa
626 2515 879 2581 consideratione
908 2527 1104 2602 gererentur,
1139 2519 1194 2584 Ad
1247 2539 1303 2584 ems

198 2599 363 2685 presbiter,
385 2621 422 2662 eo
438 2599 525 2685 quod
540 2600 762 2664 communione
776 2601 921 2686 privatus
936 2611 1027 2684 esset,
1048 2624 1167 2687 regum
1181 2626 1224 2690 pe
1246 2605 1304 2669 ibus

200 2682 397 2768 provolutus,
419 2683 519 2747 multa
541 2683 766 2830 conspuestione
782 2683 989 2831 (puerebatur,
1019 2689 1241 2752 communioni
1263 2708 1305 2772 pe

199 2777 269 2830 tens
284 2766 417 2845 restitui,
439 2767 567 2850 parcius
583 2767 610 2828 si
633 2765 780 2832 iinferen
804 2789 856 2830 am
874 2789 1041 2832 censuram
1055 2779 1158 2854 ratus,
1180 2767 1305 2857 eoquod

161 2903 163 2906 Α
200 2851 305 2912 iussus
322 2848 451 2912 domino
468 2850 574 2913 obtem
599 2851 759 2916 oravisset.
793 2853 897 2931 Quem
911 2851 1063 2916 Amulius
1078 2852 1305 2920 Aurelianensis

201 2933 371 3017 episcopus
392 2931 538 2995 adorsus:
568 2939 575 2972 ‘
608 2956 662 2996 um
684 2934 856 3020 quidnam’,
880 2937 992 3020 inquit,
1014 2936 1132 3002 ‘iuditii
1154 2961 1197 3002 ex
1222 2947 1305 3004 ertem

201 3025 232 3079 te
254 3023 308 3079 tua
336 3015 468 3078 conficta
494 3015 587 3080 hodie
613 3017 752 3082 facient?
793 3018 878 3082 Num
903 3018 958 3082 uid
985 3028 1021 3083 tu
1048 3042 1082 3084 es
1112 3023 1170 3107 qui
1232 3019 1304 3086 arolo

200 3107 309 3184 portas
340 3100 493 3185 aperuisti
522 3109 553 3165 et
581 3100 736 3165 hostiliter
765 3115 859 3166 eume
882 3040 959 3166 dlo0
990 3113 1101 3168 sancta
1134 3116 1306 3171 sanctorum

199 3185 360 3268 ingressus
393 3182 449 3246 es?
502 3183 666 3271 Numquid
697 3193 733 3248 tu
760 3209 793 3250 es
820 3186 875 3272 qui
903 3185 1140 3252 adolescentem
1171 3210 1244 3254 cum
1270 3186 1306 3252 tui

200 3265 356 3332 similibus
401 3266 569 3332 erdidisti‘l
612 3267 781 3350 Confitere,
802 3269 1046 3334 infandissime’!
1092 3272 1168 3352 Quo
1190 3297 1241 3339 res
1263 3293 1306 3336 on-

84 3372 141 3418 ·m.
155 3359 191 3418 s'r.
200 3351 311 3415 dente:
334 3357 363 3391 '‘
396 3351 503 3436 egeres
514 3374 579 3415 non
594 3354 744 3437 possum’,
767 3351 818 3416 ille
829 3375 906 3418 mox
920 3362 1124 3439 prosecutus:
1150 3355 1214 3420 ‘An
1228 3295 1305 3435 ideo’,

199 3435 311 3520 inquit,
335 3437 562 3499 ‘communioni
582 3434 795 3500 restituendus
817 3459 859 3518 es,
881 3447 925 3517 ut,
949 3436 1078 3502 domino
1101 3448 1159 3504 tuo
1181 3438 1306 3524 lugent,

199 3527 243 3602 tu,
276 3518 511 3602 nefandissime,
542 3518 681 3584 rideas'?
723 3518 867 3584 Tandem
895 3520 1056 3585 decretum
1087 3531 1153 3605 est,
1182 3523 1306 3588 duorum

199 3603 474 3667 incommodorum
501 3601 710 3667 utrumlibet&
731 3601 772 3667 ab
794 3624 832 3667 eo
855 3601 945 3689 eligi,
972 3614 1028 3668 aut
1047 3626 1068 3667 a
1088 3607 1245 3689 gradibus
1264 3605 1306 3670 de

199 3687 287 3770 poni,
308 3695 364 3750 aut
385 3695 537 3771 perpetuo
560 3686 760 3750 anathemate
781 3688 891 3751 teneri.
928 3689 992 3768 Qui
1013 3688 1101 3774 apud
1124 3712 1160 3755 se
1181 3703 1185 3710 '
1205 3689 1306 3755 lurims

199 3778 405 3853 pertractans,
426 3770 555 3834 tandem
569 3769 680 3833 maluit
693 3770 845 3855 gradibus
859 3771 987 3856 privari,
1004 3793 1101 3856 quam
1116 3785 1194 3839 anat
1217 3781 1307 3839 emate

200 3861 353 3936 perpetuo
384 3854 494 3916 teneri.
547 3853 592 3917 Et
622 3875 700 3917 mox
737 3854 962 3940 episcoporum
993 3856 1084 3920 iussu
1122 3855 1307 3922 indumenb's

201 3933 449 3998 sacerdotalibus
475 3937 616 4000 vestitur.
669 3936 760 4017 Quae
788 3936 915 4023 singula
943 3937 1064 4024 absque
1096 3938 1164 4006 ulla
1190 3943 1307 4005 misera-

200 4017 307 4080 tione*l
322 4015 532 4100 detrahentes,
555 4020 584 4083 ei
605 4020 721 4106 singuli
744 4019 911 4085 dicebant:
935 4021 1045 4086 ‘Oessa
1063 4020 1105 4086 ab
1121 4024 1228 4090 officio
1243 4023 1306 4088 tuo'.

260 4203 282 4258 a)
298 4206 343 4256 ipsi
358 4217 375 4245 c.
428 4204 451 4257 b)
468 4218 490 4257 p.
508 4207 530 4249 h.
545 4208 587 4250 des.
604 4220 639 4259 op.
656 4210 725 4259 derb,
741 4212 779 4251 abi
793 4211 865 4251 miuus
879 4217 934 4252 recte
948 4217 972 4252 ut
987 4213 1071 4252 viduor
1086 4213 1166 4255 editum
1181 4217 1224 4256 est:
1247 4215 1308 4253 testes

200 4264 242 4306 alli
257 4266 396 4306 succedendi
412 4269 435 4306 et
451 4277 470 4307 c.
487 4268 518 4306 in.
590 4265 611 4319 o)
627 4279 657 4311 ss.
672 4281 689 4308 e.
765 4268 788 4321 d)
805 4271 864 4324 Dep,
879 4271 946 4322 Adel,
963 4282 977 4311 a
993 4282 1020 4321 gr
1034 4272 1091 4314 atre.
1166 4271 1188 4328 e)
1201 4276 1251 4323 post
1265 4268 1306 4310 odd

199 4322 218 4375 f)
234 4325 345 4375 sequeutia
359 4325 468 4374 inparve
483 4326 589 4368 subdolo.
649 4326 672 4379 g)
689 4328 786 4369 alterum
803 4331 824 4370 1.
884 4328 909 4381 h)
941 4330 1098 4372 misericordia
1114 4333 1136 4374 1.
