2820 4824
245 361 297 411 118
490 359 645 411 RICHERI
663 358 916 411 HISTORIARUM
935 357 1047 409 LIBER
1066 359 1119 408 111.
1191 429 1194 435 Ι

183 526 425 593 ostendebant.
476 527 579 610 Igitur
611 524 760 590 Conrado
792 524 1064 588 Alemannorum¹
1095 525 1167 609 regi
1196 525 1355 610 epistolam

243 612 363 697 legavit
383 610 470 674 hunc
490 609 622 673 modum
643 607 831 673 habentem:
853 608 1032 672 ‘Lotharius
1047 609 1248 672 Francorum
1263 611 1355 695 gratia

243 697 309 760 Dei
329 717 389 759 rex
410 692 578 758 Conrado³
599 691 851 757 Alemannorum
879 693 949 777 regi
979 692 1134 778 quicquid
1163 691 1236 756 sibi.
1278 695 1354 756 Ami·

245 781 360 843 ciciam
387 779 470 842 inter
490 799 549 841 nos
571 798 591 839 a
612 775 710 840 multo
740 788 883 862 tempore
911 776 1116 840 constitutam
1137 775 1355 842 inviolabiliter

245 883 445 942 conservare,
468 883 595 946 semper
616 859 696 923 mihi
716 870 843 944 gratum
864 859 934 924 fuit.
981 858 1080 924 Ouius
1101 859 1225 924 fructus
1253 881 1355 923 cume

244 970 296 1010 me
318 945 487 1030 multiplex
508 945 597 1009 exire
618 943 731 1026 valeat,
753 943 828 1007 utile
847 944 925 1008 duxi
963 942 1096 1007 uiddam
1108 944 1204 1009 vobis
1219 943 1353 1008 indicare

132 1046 168 1101 ’μ
185 1041 277 1096 caet
297 1029 338 1093 ad
360 1040 470 1094 votum
491 1028 570 1091 mihi
591 1029 661 1092 fieri
684 1027 757 1091 *idb
779 1037 897 1112 petere.
930 965 1104 1111 Ilugonem
1127 1027 1244 1092 ducem
1259 1027 1353 1091 sciatis

243 1135 295 1177 me
316 1113 469 1178 hactenus
498 1135 557 1197 pro
585 1112 690 1175 amico
711 1108 871 1175 habuisse.
915 1109 1090 1208 Comperto
1112 1132 1189 1175 vero
1214 1111 1300 1196 quod
1317 1110 1353 1173 la

243 1205 347 1262 tenter
367 1197 466 1262 hostis
488 1195 566 1258 mihi
588 1205 681 1277 esset,
703 1197 744 1259 ab
766 1197 834 1259 eius
856 1193 1070 1259 familiantate
1092 1217 1144 1259 me
1159 1197 1352 1259 remotiorem

242 1282 314 1346 feci.
357 1280 453 1345 Unde
481 1302 568 1344 nunc
596 1280 733 1343 Romam
758 1280 836 1360 iens,
865 1278 1016 1343 Ottonem
1038 1278 1127 1361 adiit,
1149 1279 1184 1340 in
1205 1281 1269 1343 mei
1290 1300 1352 1342 con·

243 1363 408 1430 tumeliam
433 1365 588 1450 regnique
616 1362 722 1452 labem
751 1364 781 1427 ei
807 1361 982 1447 plurimum
1006 1384 1231 1460 persuasurus,
1279 1363 1353 1442 Qua

266 1458 375 1534 repter
408 1469 533 1512 summa
566 1469 636 1532 ope,
670 1468 794 1510 summo
823 1447 952 1530 ingenio
982 1447 1135 1526 mtimini,
1169 1469 1210 1510 ne
1240 1446 1351 1510 evadat.

275 1531 331 1596 ale’
339 1545 360 1596 ⁰.
418 1529 647 1616 Exploratores
684 1531 792 1616 itaque
830 1531 1080 1627 circumquaque
1114 1529 1262 1616 dispositi
1305 1552 1353 1614 per

243 1616 591 1763 pgerquqnmontiumb
607 1612 886 1761 etchopulorum,
920 1635 979 1699 per
1004 1634 1129 1678 vrarum
1153 1614 1260 1677 exitus
1296 1615 1353 1677 eius

243 1720 348 1764 aven
439 1719 569 1784 oppene
593 1718 635 1760 an
687 1746 694 1760 .

349 1836 399 1899 87.
442 1837 524 1899 Item
546 1833 680 1920 epistola
700 1835 859 1899 Emmae‘l
881 1836 1011 1920 reginae
1032 1833 1074 1897 ad
1094 1836 1260 1899 manent

329 1936 397 2000 Nec
423 1938 528 2000 minus
556 1937 673 2000 Emma
701 1959 736 2000 re
760 1936 813 2000 ina
840 1937 936 2000 matri
965 1958 1041 2000 suae
1070 1936 1105 1998 in
1125 1935 1212 2000 hunc
1234 1935 1354 2000 modum

245 2019 413 2106 epistolam
442 2021 572 2085 direxit:
603 2019 728 2084 ‘Adelai
753 2022 760 2035 '
791 2021 886 2083 matri
929 2021 974 2083 im
999 2020 1126 2084 eratrici
1156 2042 1283 2106 semper
1309 2041 1354 2082 au-

243 2113 375 2188 gustae,
407 2105 524 2168 Emma
555 2105 754 2168 Francorum
789 2105 901 2189 regina
937 2044 1080 2168 saliatem.
1137 2103 1231 2168 Licet
1265 2102 1354 2167 multo

243 2198 399 2253 terrarum
420 2189 589 2254 interstitio
612 2199 750 2269 semota,
780 2197 888 2253 tamen
910 2212 930 2252 a
950 2196 1052 2252 matre
1073 2186 1187 2252 auxilii
1209 2189 1354 2251 rationem

242 2271 309 2336 filia
329 2281 414 2359 peto.
457 2273 555 2357 Hngo
585 2271 653 2335 dux
674 2271 798 2336 insidiis
819 2294 885 2335 non
907 2270 1009 2336 solum
1038 2272 1130 2356 regni
1155 2273 1259 2336 nostri
1277 2272 1354 2421 grin-

244 2358 332 2442 cipes
354 2381 374 2421 a
394 2367 503 2422 nostra
523 2355 675 2421 fidelitate
697 2356 831 2437 amovit,
861 2355 917 2419 sed
939 2364 970 2419 et
991 2355 1123 2419 fratrem
1145 2377 1255 2420 meum
1308 2364 1355 2420 tto-

244 2463 319 2504 nem
339 2463 360 2504 a
379 2442 472 2506 nobis
496 2449 627 2504 conatur
652 2449 812 2522 avertere3
840 2437 926 2502 unde
948 2447 980 2503 et
1000 2439 1137 2502 Romam
1164 2438 1257 2502 illum
1278 2440 1354 2503 adiit.

244 2524 294 2588 Ne
316 2547 392 2610 ergo
414 2525 541 2609 penitus
564 2525 614 2587 sui
634 2524 701 2588 voti
723 2544 854 2607 compos
868 2521 1032 2607 glorietur,
1054 2531 1128 2607 peto
1145 2522 1287 2608 supplex
1301 2521 1356 2586 filia

245 2617 395 2690 matrem,
428 2617 463 2671 ut
490 2609 525 2670 in
552 2606 739 2671 revertendo
769 2616 876 2671 tantus
905 2607 1006 2671 hostis
1034 2604 1247 2690 impediatur3
1279 2605 1355 2672 etsi

245 2690 315 2754 fieri
343 2699 464 2774 potest,
491 2698 547 2753 aut
575 2700 688 2774 captus
715 2700 874 2772 teneatur,
903 2698 958 2754 aut
984 2691 1029 2752 im
1054 2689 1125 2753 unis
1155 2712 1222 2754 non
1247 2691 1355 2754 redeat.

246 2773 312 2836 Sed
340 2795 381 2837 ne
409 2795 467 2837 vos
493 2773 559 2836 suis
587 2772 668 2837 dolis
699 2775 926 2857 tergiversator
959 2797 997 2838 ev
1041 2782 1083 2855 at,
1117 2774 1216 2837 totius
1245 2775 1356 2838 formae

244 2855 328 2919 illius
356 2854 583 2942 inseparabilia
610 2857 789 2921 accidentia
818 2856 910 2921 vobis
936 2857 1079 2920 indicare
1101 2860 1231 2922 curavi'.
1276 2859 1356 2921 Tunc

244 2947 417 3025 prosecuta
445 2939 627 3022 oculorum,
656 2941 800 3024 aurium,
825 2939 993 3023 labiorum,
1016 2940 1160 3004 dentium
1184 2963 1312 3027 quoque
1332 2948 1357 3004 et

243 3024 324 3105 nasi,
346 3045 471 3088 necnon
491 3034 523 3088 et
543 3022 738 3111 reliquarum
760 3025 904 3110 corporis
923 3025 1063 3109 partium
1084 3023 1278 3108 accidentia,
1298 3045 1356 3089 ver-

244 3105 360 3170 borum
381 3129 508 3194 quoque
528 3116 672 3173 tenorem
694 3110 740 3172 sic
760 3110 906 3193 ignotum
927 3107 1109 3190 declaravit,
1132 3117 1169 3173 ut
1193 3107 1245 3172 his
1268 3108 1357 3194 signis

244 3189 408 3277 detegeret
427 3202 523 3279 atque
544 3191 766 3278 ignorantibus
787 3191 953 3256 indicaret.

378 3331 429 3396 88.
472 3329 570 3414 Hugo
592 3330 767 3394 inmutato⁰
789 3329 920 3394 habitu⁰
941 3328 1072 3392 insidias
1094 3327 1233 3399 evadit⁰.

326 3432 406 3496 Dux
427 3431 542 3496 horum
563 3431 648 3495 nonf
668 3432 805 3513 nescius,
827 3431 964 3495 reditum
979 3429 1166 3495 accelerat&
1208 3431 1359 3517 Dolisque

243 3524 453 3663 premetuens,
474 3525 599 3580 vestem
620 3523 722 3578 mutat
742 3537 875 3613 seseque
896 3537 996 3614 unum
1017 3513 1057 3577 de
1081 3512 1252 3613 clientibus
1273 3516 1359 3578 simu·

255 3608 296 3662 at.
340 3599 452 3698 Elquos
474 3621 571 3663 onera
592 3599 729 3663 ferentes
751 3621 821 3685 1pse
842 3608 1043 3683 regnatque
1066 3608 1220 3682 exagitat.
1260 3598 1360 3663 Onera

243 3683 381 3768 impomt
413 3692 444 3746 et
477 3682 623 3767 deponit,
661 3684 810 3747 omnibus
843 3703 877 3745 se
911 3683 1104 3746 serviturum
1133 3683 1359 3746 accommodat

243 3766 410 3851 Tantaque
432 3765 588 3830 industria
601 3767 635 3829 in
649 3766 774 3831 abiecta
788 3776 877 3831 veste
893 3773 924 3830 et
938 3763 1055 3829 inculto
1071 3763 1184 3829 habitu
1199 3789 1235 3830 se
1252 3766 1359 3830 ducem

303 3942 326 3995 a)
344 3943 466 3984 Oonrando
482 3956 499 3985 o.
544 3943 568 3996 b)
582 3951 632 3994 pose
648 3947 697 3985 odd.
753 3945 773 3997 c)
790 3929 860 3989 VAI-r.
877 3959 896 3989 e.
950 3943 973 3997 d)
990 3955 1073 3996 mmae,
1089 3949 1150 3986 trem
1166 3947 1224 3988 abac.
1284 3947 1305 4000 e)
1320 3958 1360 3998 mu,

244 4013 267 4053 n,
284 4013 313 4041 va
336 4003 392 4042 abac.
481 4002 568 4055 f)Dux
591 4006 613 4046 h.
637 4015 699 4044 nesc.
721 4017 778 4045 corr.
815 4007 870 4045 Dux
886 4006 942 4046 licet
956 4005 979 4044 h.
996 4015 1027 4056 n.,
1051 4015 1108 4045 corr.
1145 4006 1201 4046 Dux
1225 4007 1249 4047 h.
1272 4017 1319 4048 non
1339 4016 1360 4045 n.

244 4060 269 4111 g)
285 4061 432 4101 accelerabat
453 4063 474 4102 l.

319 4170 348 4240 1)
367 4175 385 4223 i.
413 4190 436 4226 e.
457 4176 692 4240 Burgundionum
720 4176 754 4227 cf.
773 4177 879 4238 waitz,
905 4176 940 4225 Ι).
960 4175 1028 4227 VG.
1053 4176 1117 4243 VII,
1145 4195 1173 4244 p.
1201 4179 1256 4230 104
1279 4197 1306 4230 n.
1329 4204 1359 4216 -

243 4247 319 4308 Quae
337 4247 467 4300 Richerus
486 4256 576 4300 narrat
595 4250 693 4300 dubiae
712 4247 777 4299 fidei
798 4264 866 4312 esse,
885 4251 939 4300 iam
953 4249 1130 4302 Giescbrccht
1143 4254 1267 4317 monuit,
1286 4252 1360 4304 Jahr-

243 4319 346 4371 biicher
364 4321 403 4382 11,
425 4323 448 4386 1,
468 4340 494 4390 p,
517 4323 569 4373 177
588 4339 648 4388 sqq.
