2820 4824
243 335 277 382 26
505 329 657 381 RICHERI
677 328 930 380 HISTORIARUM
949 329 1060 380 LIBER
1079 330 1102 382 1.

182 511 301 565 erauta
323 501 392 584 ipse
413 499 447 560 in
468 518 601 645 regnum
624 497 769 560 coronari
798 518 862 559 non
883 495 1074 576 abnueretl,
1105 495 1214 560 multis
1245 499 1361 561 suasio-

242 584 337 648 nibus
359 603 509 666 permove
533 592 574 645 at.
617 580 789 644 Heinricus
819 602 897 644 vero
920 603 994 644 oum
1022 580 1159 644 nefanda
1186 603 1263 644 eum
1296 604 1360 646 sua

243 667 319 732 dere
353 665 549 744 adverteret,
582 664 675 728 dictis
709 663 870 728 suadentis
903 663 1076 728 admodum
1108 665 1241 746 restitit,
1278 678 1309 731 et
1330 677 1360 729 ut

244 752 421 837 quiesceret
442 749 482 812 ab
504 748 632 831 illicitis,
656 747 763 812 multis
785 746 1084 833 amplificationibus
1106 747 1254 833 agitabat
1269 763 1290 812 ¹.

326 835 377 898 40.
420 832 463 897 Et
493 832 691 898 Gislebertus
719 832 848 918 quidem
881 855 953 896 cum
989 833 1076 918 apud
1112 854 1264 896 socerum
1301 855 1358 897 non

244 919 428 1003 proliceret,
456 930 537 982 nec⁰
566 939 701 1002 regnum
734 916 816 980 sibic
843 938 957 1002 parare
978 927 1116 1001 possem,
1148 918 1183 979 in
1208 916 1358 981 Oelticam

244 1002 362 1067 secedit
384 1003 443 1066 acd
466 1003 577 1066 transit
598 1004 631 1065 in
646 1001 844 1083 Neustriam3
867 1002 977 1086 sicque
998 1024 1072 1064 cum
1087 1001 1243 1065 Rotberto
1262 1001 1358 1065 duce*

244 1087 283 1151 de
314 1087 425 1151 eodem
454 1088 582 1171 negotio
611 1083 778 1149 consilium
808 1084 944 1166 confert,
976 1084 1111 1149 suadens
1143 1086 1172 1150 ei
1203 1085 1245 1150 de
1273 1086 1359 1170 regni

244 1173 445 1257 susceptione
480 1193 518 1234 ac
552 1169 664 1234 Karoli
706 1168 897 1236 abiectione.
952 1168 1105 1233 Exultate
1142 1171 1291 1234 tirannus
1333 1180 1359 1232 et

242 1256 366 1320 tiranno
388 1255 510 1340 absque
533 1276 623 1318 mora
643 1253 736 1317 favet.
780 1252 968 1317 Deliberant
987 1254 1095 1338 itaque
1116 1254 1214 1318 ambo
1238 1265 1270 1318 et
1292 1263 1359 1340 post

242 1341 318 1425 prof
341 1338 562 1424 perpetrandis
584 1337 680 1401 fidem
702 1346 924 1401 sacramento&
946 1337 1180 1401 confirmant**.

328 1426 378 1488 41.
422 1423 603 1507 Temporeh
625 1442 700 1485 vero
732 1423 918 1502 constituto,
949 1421 1033 1484 cumi
1061 1445 1120 1486 rex
1142 1421 1296 1505 Tungros
1318 1445 1358 1486 re-

243 1508 342 1572 disset
359 1507 468 1591 ibique
489 1506 633 1590 privatus
648 1504 809 1585 resideret,
825 1504 937 1568 urbem
953 1505 1177 1570 Suessonicam
1189 1506 1360 1570 Rotbertus

243 1591 430 1675 ingreditur.
473 1589 572 1674 Apud
594 1611 689 1674 quem
718 1612 758 1652 ex
785 1591 874 1652 total
898 1588 1019 1653 Celtica
1045 1591 1197 1675 primates
1228 1589 1358 1667 collecti,

267 1697 309 1738 ua
331 1675 451 1737 ratione
473 1695 582 1758 regem
605 1673 752 1754 abiciant,
780 1675 1034 1737 constantissime
1062 1673 1252 1738 consultant.
1296 1675 1360 1738 Nec

245 1697 344 1821 defuit
367 1756 565 1822 Gislebertus
588 1756 628 1820 ab
650 1755 790 1840 Belgica,
814 1758 868 1841 qui
890 1779 967 1820 mox
989 1757 1111 1842 absque
1133 1757 1360 1823 deliberatione

245 1842 432 1906 Rotbertum
464 1863 572 1926 regem
602 1841 774 1905 creandum
806 1841 1035 1926 perstrepebat.
1081 1841 1256 1905 Communi
1288 1865 1360 1928 ergo

129 1945 181 1985 run.
200 1944 234 1985 aa
246 1927 388 1989 omnium
417 1927 473 2011 qui
500 1925 634 1988 aderant
661 1925 787 1989 decreto
816 1925 988 1989 Rotbertus
1015 1924 1155 2010 eligitur,
1197 1949 1236 1990 ac
1265 1928 1360 1991 multo

319 2079 342 2148 ¹¹)
362 2081 403 2139 R,
423 2081 535 2131 Outonis
554 2081 625 2144 regis
645 2081 734 2139 fratre,
755 2081 799 2145 qui
819 2086 876 2129 erat
895 2080 948 2129 dux
969 2080 1099 2131 Celticae.
1136 2081 1239 2134 Eitea.

306 2154 342 2225 **)
362 2154 396 2203 Et
415 2159 475 2220 post
495 2153 563 2202 haec
579 2153 744 2204 Gislebertus
764 2155 791 2202 in
807 2153 947 2218 Belgicam
968 2153 1045 2220 redit,
1066 2156 1214 2221 municipia
1235 2157 1361 2207 militibus

364 2229 448 2292 copiis
467 2226 662 2277 sufficientibus
681 2227 804 2292 implens,
832 2228 859 2275 in
884 2242 974 2291 regem
996 2228 1084 2276 omnia
1104 2227 1247 2293 ordinans;
1279 2231 1361 2281 sicubi

363 2301 460 2350 rudera
473 2301 575 2350 aditum
588 2301 732 2362 faciebant,
752 2300 910 2350 firmioribus
926 2300 1048 2350 claustris
1062 2300 1251 2354 reaedificans.
1281 2305 1361 2354 Ratus

363 2391 426 2424 vero
447 2374 544 2424 milites
565 2390 581 2422 a
600 2390 659 2424 sese
680 2373 794 2422 deficere
821 2389 908 2438 posse,
933 2375 957 2423 si
982 2374 1151 2424 iureiurando
1172 2377 1224 2426 sibi
1245 2394 1294 2427 eos
1313 2392 1360 2426 non

364 2453 528 2507 annecteret,
548 2446 627 2496 fidem
642 2449 675 2496 ab
690 2447 812 2497 omnibus
826 2463 859 2496 ex
877 2447 1055 2510 iureiurando,
1072 2447 1120 2498 sed
1134 2454 1160 2498 et
1173 2450 1285 2500 obsides
1299 2466 1361 2514 quos

364 2520 422 2571 vult
448 2521 562 2584 accipit,
589 2535 688 2584 eosque
713 2521 741 2568 in
767 2519 865 2584 oppido
891 2520 1029 2579 Harburc,
1056 2521 1126 2585 quod
1152 2523 1361 2589 inexpugnabile

364 2593 512 2653 videbatur,
533 2592 674 2656 deputatos
693 2591 815 2654 recludit,
840 2594 866 2641 in
887 2609 978 2657 regem
998 2596 1087 2644 omnia
1111 2595 1200 2659 palam
1228 2597 1361 2647 ordinans.

365 2663 428 2730 (His
448 2680 493 2713 rex
514 2699 611 2713 ......
636 2680 682 2713 rex
701 2671 836 2730 permotus
856 2664 918 2730 del.)
957 2667 1013 2716 Nec
1034 2669 1119 2717 minus
1132 2684 1149 2716 a
1162 2666 1199 2732 tt)
1221 2686 1316 2720 socero
1334 2667 1360 2717 id

366 2739 488 2802 optinuit,
508 2743 544 2798 ut,
565 2753 750 2802 quaecumque
770 2739 827 2803 ipse
841 2739 869 2786 in
883 2755 972 2804 regem
990 2741 1195 2801 machinaretur,
1218 2760 1250 2792 ea
1270 2757 1360 2794 socero

364 2811 477 2875 iniuriae
497 2826 550 2860 non
571 2817 667 2872 essent,
686 2812 799 2860 maxime
814 2813 847 2861 ob
861 2814 889 2862 id
903 2813 974 2877 quod
991 2814 1169 2864 Sarmatarum
1190 2816 1360 2867 infestatione

364 2884 423 2948 ipse
443 2883 584 2933 admodum
605 2898 720 2949 pressus,
746 2884 791 2945 (de
810 2884 874 2951 del.)
894 2887 989 2937 alienis
1014 2887 1129 2952 negotiis
1154 2889 1258 2939 utiliter
1283 2892 1360 2939 inter·

366 2971 424 3006 esse
445 2972 497 3006 non
517 2963 615 3022 posset.
653 2957 703 3007 His
724 2973 787 3022 ergo
808 2974 853 3007 rex
873 2961 899 3008 in
921 2959 1025 3010 Celtica
1051 2966 1195 3025 permotus,
1220 2963 1360 3028 Belgicam

365 3030 477 3094 impetit.
514 3032 550 3081 At
569 3029 735 3082 Gislebertus
754 3038 845 3096 utpote
866 3034 912 3099 qui
931 3031 1010 3082 fidem
1031 3035 1183 3099 abruperat,
1210 3036 1245 3084 ad
1271 3051 1360 3102 regem

365 3119 419 3152 nun
444 3103 528 3154 solum
555 3105 645 3154 venire
672 3106 846 3170 contempsit,
874 3121 964 3156 verum
990 3109 1112 3172 pecuniis
1137 3143 1255 3159 .......
1282 3115 1358 3174 atque

364 3192 451 3226 rerum
470 3178 707 3244 pollicitationibus
726 3179 760 3228 ab
781 3194 844 3244 rege
861 3195 1042 3244 quoscumque
1056 3187 1160 3246 poterat
1178 3182 1359 3232 subtrahebat.

364 3251 400 3300 Et
418 3267 465 3301 rex
484 3251 591 3317 quidem
618 3268 678 3302 cum
703 3253 836 3318 patienter
860 3253 928 3302 haec
953 3251 988 3300 ad
1013 3261 1117 3319 tempus
1143 3255 1285 3304 toleranda
1311 3270 1360 3305 non

363 3325 506 3389 ignoraret,
532 3326 646 3392 Tungris
673 3342 732 3375 cum
758 3327 791 3376 iis
818 3327 863 3390 qui
889 3341 979 3376 secum
1007 3343 1040 3376 ex
1066 3327 1171 3376 Celtica
1196 3328 1360 3378 advenerant

363 3399 465 3464 absque
491 3399 606 3451 tumultu
631 3399 781 3462 residebat3
814 3399 900 3450 levius
925 3397 983 3448 fieri
1008 3415 1130 3450 asserens
1157 3402 1288 3466 quicquid
1315 3416 1360 3467 per

362 3474 524 3538 pacientiam
553 3473 695 3523 toleratur:
728 3473 800 3522 ΕΗ
812 3507 917 3522 .....
940 3472 1058 3522 Medium
1085 3489 1191 3539 quoque
1216 3490 1277 3525 sese
1304 3490 1360 3525 esse

363 3547 477 3596 hostium
491 3561 697 3611 recognoscens,
711 3561 770 3594 cum
784 3560 801 3593 a
815 3541 885 3610 (yrum
898 3544 975 3610 add.)
989 3547 1116 3597 Rotberto
1130 3546 1192 3595 hinc
1205 3549 1233 3596 in
1249 3547 1359 3614 Celtica,

365 3619 399 3668 ab
420 3619 571 3672 Gisleberto
597 3634 660 3668 vero
685 3617 748 3668 inde
774 3619 802 3666 in
827 3619 941 3683 Belgica
969 3626 1116 3684 urgeretur.
1153 3621 1189 3669 Et
1217 3621 1360 3670 Rotbertus

365 3693 473 3756 quidem
495 3693 528 3741 ds
548 3692 620 3754 regis
639 3691 789 3742 abiectione
809 3693 903 3757 suique
929 3695 1096 3758 promotione
1118 3692 1186 3742 adeo
1211 3693 1361 3752 laborabat,

364 3764 446 3829 idque
466 3764 538 3828 apud
557 3765 692 3830 principes
712 3765 750 3816 sic
771 3765 894 3823 obtinuit,
914 3772 943 3816 ut
962 3772 1054 3816 contra
1073 3781 1163 3830 regem
1185 3782 1247 3816 cum
1262 3783 1293 3817 eo
1307 3767 1361 3816 iere

366 3837 436 3902 (poa
455 3836 532 3899 add.)
554 3852 644 3888 omnes
665 3836 848 3890 crudelissime
869 3839 1064 3892 coniurarent².
1086 3838 1151 3889 add.
1173 3839 1198 3902 1,
1217 3838 1269 3890 del.
1291 3840 1317 3889 2.

306 3945 328 3997 a)
342 3951 392 3996 post
408 3946 458 3986 add.
519 3944 543 3996 b)
561 3946 647 3987 abnuat
664 3951 688 3997 13
713 3953 836 3990 ....veret
851 3951 875 3988 tu
890 3960 958 3999 marg.
976 3949 1025 3989 add.
1094 3945 1115 3998 c)
1132 3959 1175 3987 nec
1192 3959 1211 3988 r.
1227 3959 1247 3990 s.
1263 3960 1285 3998 p.
1301 3960 1324 3998 p.
1339 3949 1363 3986 ta

247 4017 316 4054 mura.
334 4006 361 4053 23
384 4016 422 4056 ue,
438 4005 482 4056 sib,
498 4016 512 4054 p
528 4005 584 4044 abac.
666 4006 689 4057 d)
707 4012 774 4058 atque
790 4008 815 4046 in
831 4009 858 4048 N.
876 4011 903 4048 tr.
922 4011 941 4058 1,
963 4019 1020 4050 corr.
1039 4009 1059 4047 2.
1127 4005 1148 4057 e)
1166 4007 1196 4046 Et
1211 4010 1227 4048 t.
1244 4019 1299 4047 mox
1315 4018 1363 4056 per·

246 4075 326 4103 suasus
343 4068 360 4104 t.
378 4065 398 4114 l,
421 4075 478 4105 corr.
496 4065 516 4104 2.
592 4063 655 4115 flex
672 4068 690 4108 l.
765 4064 788 4116 g)
805 4069 955 4108 sacramentis
972 4069 993 4107 1.
1064 4064 1087 4117 h)
1104 4067 1134 4106 Et
1149 4069 1163 4106 t.
1180 4076 1199 4106 c.
1218 4067 1243 4118 1,
1267 4077 1325 4106 corr.
1342 4067 1363 4107 2.

247 4121 264 4173 i)
281 4133 333 4162 cnm
350 4144 375 4152 -
394 4123 504 4163 resideret
519 4124 543 4162 ta
558 4135 627 4174 marg.
688 4124 712 4178 k)
730 4126 793 4166 omni
808 4136 867 4175 pene
885 4129 905 4167 1.

321 4217 349 4284 1)
369 4219 447 4269 Haec
465 4219 588 4270 fabulosa
608 4237 674 4283 esse,
696 4223 761 4272 satis
782 4228 892 4274 constat.
970 4219 998 4286 2)
1016 4222 1082 4272 Cum
1099 4222 1139 4271 his
1155 4221 1278 4274 conteras
1292 4237 1362 4289 quae

247 4307 326 4356 supra
346 4308 369 4342 c.
391 4293 433 4341 21.
454 4293 578 4360 leguntur
598 4300 713 4360 atquae
734 4301 826 4345 auctor
846 4295 886 4346 his
906 4295 1075 4346 substituisse
1095 4293 1210 4346 videtur.
