2820 4824
981 236 997 267 ⁸

313 361 466 412 RICHERI
486 360 738 412 HISTORIARUM
756 360 868 410 LIBER
887 361 924 410 ΙΙ.
1137 362 1171 410 43

56 530 104 594 rei
132 527 276 592 militaris
306 527 611 593 administrationem
638 527 759 613 absque
788 547 826 591 eo
855 527 941 592 iama
970 526 1019 592 dis
1045 528 1233 593 onebat.esr.

56 611 250 677 Laudunum
288 612 395 697 itaque
426 611 529 676 tendit
566 612 676 697 ibique
709 620 842 675 matrem
876 634 967 676 suam
998 551 1172 697 Ellhgivam

55 699 201 782 reginam
216 695 258 759 ad
272 695 360 760 urbis
376 696 553 761 custodiam
569 694 608 759 de
634 703 710 758 utat.
752 693 802 758 Ac
817 695 935 761 exinde
952 716 1172 782 quaecumque

80 789 163 844 reter
191 779 304 844 ducem
332 779 545 844 adoriebatur.
596 717 692 859 (duod
713 781 810 843 etiam
831 778 891 843 fuit
912 801 976 845 non
998 780 1171 845 minimaeb

55 804 138 928 libis
160 864 376 928 seminarium.
419 863 500 927 Dux
526 864 666 927 etenima
694 884 802 944 regem
830 885 906 927 suae
938 865 1171 949 procurationis

55 947 297 1032 dispositionem
319 945 497 1032 reppulisse
519 945 698 1026 advertens,
720 945 926 1010 Heribertum
946 948 1095 1012 comitem
1110 947 1171 1012 sibi

56 1032 195 1113 asciscit,
217 1029 356 1116 plurima
377 1030 465 1115 apud
487 1051 562 1092 eum
576 1029 611 1091 in
623 1029 709 1112 regis
725 1028 949 1093 contumeliam
964 1042 1170 1129 pertractans.

55 1115 242 1262 dimidiam
269 1114 353 1178 inter
381 1135 450 1177 sese
478 1121 623 1177 mutuam
649 1111 885 1178 conditionibus
912 1123 1072 1200 utnmque
1100 1137 1172 1178 con-

97 1208 194 1262 mant.
434 1195 440 1212 ⁸

148 1321 177 1382 7.
211 1317 399 1381 Heribertus
421 1324 559 1379 castrum
581 1315 805 1380 Teodericium
828 1314 900 1379 dolo
923 1316 1009 1402 capit
1036 1339 1074 1380 ac

345 1399 540 1487 proditorem
562 1400 595 1462 in
615 1398 743 1464 vincula
764 1399 889 1464 conicit.

142 1502 332 1567 Heribertus
361 1503 468 1588 itaque
497 1500 667 1566 Walonem
694 1503 779 1587 regis
809 1501 950 1583 fidelem,
985 1503 1039 1588 qui
1069 1510 1172 1567 castro

80 1587 147 1650 uod
168 1585 375 1651 Theodericic
397 1585 532 1649 dicitur¹
556 1595 691 1670 preerat,
714 1587 748 1649 in
770 1583 842 1650 dolo
864 1586 943 1650 adiit
964 1608 1002 1650 ac
1018 1585 1057 1650 de
1072 1595 1172 1650 trans-

54 1611 147 1756 lbgio
168 1669 256 1734 illum
278 1668 457 1755 alloquitur.
491 1668 558 1733 Nec
574 1667 630 1732 diu
644 1677 795 1752 moratus,
818 1669 976 1756 deceptod
990 1671 1171 1756 persuadet,

53 1755 178 1818 maiora
223 1752 351 1818 ollicens
373 1774 411 1816 ac
432 1751 526 1839 plura
547 1753 744 1838 promittens.
788 1751 844 1818 lllc
866 1776 943 1818 mox
963 1755 1003 1818 de
1021 1753 1171 1840 pollicitis

53 1777 276 1902 iusiurandum
297 1835 446 1922 postulat,
468 1835 629 1923 postulata
650 1859 720 1902 sese
749 1838 796 1901 sic
817 1837 977 1902 facturum
1000 1838 1171 1924 spondens.

53 1922 215 1986 Tirannus
244 1920 379 1986 libenter
406 1921 526 1984 annuit.
569 1920 638 1984 Nec
666 1921 771 1984 minus
801 1930 833 1986 et
853 1921 1018 2006 transfuga
1039 1923 1171 2004 iuratus,

53 2017 180 2091 tempus
202 2005 358 2092 patrando
381 2004 515 2068 facinori
542 2003 746 2069 demonstrat.
789 2003 892 2069 Immo
915 2015 947 2070 et
967 2007 1084 2070 tiranni
1106 2029 1171 2070 ma·

54 2089 150 2154 nibus
173 2113 241 2154 sese
263 2089 380 2154 exinde
401 2087 610 2152 militaturum
632 2088 802 2152 committit
822 2110 860 2152 ac
875 2111 918 2152 ex
940 2089 1053 2153 militia
1074 2089 1171 2152 fidem

55 2173 287 2237 accommodat.
310 2173 383 2253 Quo
398 2183 538 2258 peracto,
553 2172 587 2234 in
597 2194 656 2236 sua
671 2171 848 2236 discedunt.
871 2173 1013 2258 Tempus
1029 2173 1171 2255 advenit,

56 2257 151 2320 Walo
175 2255 329 2320 simulatis
350 2258 486 2340 negotiis
507 2254 622 2320 milites
644 2257 760 2341 regios,
792 2258 847 2341 qui
875 2278 985 2321 secum
1014 2264 1171 2342 preerant,

56 2340 92 2402 in
106 2340 241 2420 diversa,
263 2341 331 2403 acsi
351 2340 436 2424 regis
458 2361 586 2402 causam
606 2339 756 2421 facturos,
778 2338 928 2425 disponit.
961 2341 978 2403 l
1002 2363 1046 2422 se,
1070 2350 1172 2403 castro

59 2433 223 2504 evacuato,
251 2420 336 2486 solus
366 2445 439 2486 cum
466 2422 595 2487 famulis
622 2423 820 2510 relinquitur.
871 2423 939 2488 Nec
970 2363 1071 2489 defuit
1099 2446 1172 2487 curn

59 2505 188 2570 cohorte
216 2506 369 2573 tirannus.
420 2506 485 2587 Qui
513 2528 533 2569 a
560 2507 724 2593 transfuga
753 2518 930 2654 susceptus,
960 2517 1099 2572 castrum
1125 2509 1172 2570 in-

56 2590 201 2674 greditur
221 2600 317 2675 atque
340 2599 484 2676 occupat.
528 2590 732 2678 Intuitusque
753 2601 840 2655 trans
854 2614 967 2677 ugam:
1002 2594 1171 2673 ‘Putasne’,

55 2675 169 2760 inquit,
193 2681 274 2738 ‘tuae
297 2695 393 2738 curae
416 2673 570 2761 oppidum
592 2675 654 2740 hoc
673 2675 932 2740 reservandum’?
968 2675 1170 2763 Oaptumque

56 2780 134 2822 mox
154 2758 189 2820 in
209 2757 337 2822 vincula
358 2759 477 2823 conicit
498 2760 628 2845 suisque
648 2761 744 2824 castri
765 2760 943 2824 custodiam
967 2760 1085 2825 'donat
1128 2761 1171 2823 Et

56 2854 149 2906 nocte
171 2841 235 2906 diei
250 2842 439 2908 succedente
461 2842 563 2908 caeli²
590 2865 665 2928 pars
690 2843 893 2929 prodigiosee
915 2843 1053 2908 flammis
1070 2867 1172 2909 erum-

55 2927 204 3011 pentibus
225 2927 260 2988 in
282 2927 495 3012 septentrione
522 2926 651 2991 arderef
677 2928 747 2992 visa
773 2937 830 2991 est.
882 2930 955 3008 Qua
977 2929 1072 2993 etiarn
1094 2950 1172 2991 mox

55 3010 259 3094 prosequitur
281 3020 313 3074 et
333 3010 562 3093 Hungarorum
583 3033 641 3095 per
656 3009 777 3075 Gallias
799 3013 965 3096 repentina
1005 3012 1170 3078 ersecutio.

56 3094 123 3173 Qui
154 3093 290 3155 nimium
323 3094 536 3174 saevientesss,
576 3094 752 3180 municipia
793 3094 916 3181 aliquot
950 3035 1104 3182 villasque
1140 3104 1171 3159 et

57 3197 153 3261 agros
175 3174 361 3260 depopulati
383 3185 465 3240 sunt.
510 3173 665 3241 Basilicas
687 3200 814 3265 quoque
838 3179 1063 3327 quamplures
1087 3201 1171 3243 eom-

56 3260 243 3341 busserunt3
266 3279 304 3321 ac
324 3259 513 3345 indempnes
534 3259 637 3324 redire
660 3261 724 3326 ob¹¹
746 3264 930 3349 principum
975 3263 1173 3327 issidentiam

56 3343 204 3429 permissi
233 3353 307 3408 sunt
336 3365 410 3407 cum
438 3355 577 3428 magnaa
606 3345 803 3430 captivorum
834 3345 1046 3412 multitudine.
1100 3347 1171 3410 Rex

56 3427 143 3490 enim
165 3427 273 3511 copias
302 3449 367 3491 non
394 3426 526 3510 habens,
555 3429 764 3514 ignominiam
793 3429 923 3517 pertulit
952 3440 992 3513 et,
1020 3439 1130 3516 utpote
1152 3451 1172 3492 a

57 3511 124 3574 suis
147 3509 297 3593 desertus,
320 3511 514 3576 sevientibus
537 3513 642 3579 cessit.

99 3631 128 3695 8.
163 3628 329 3716 Oppidum
350 3631 581 3697 Montiniacum
602 3656 661 3698 rex
683 3657 742 3720 per
763 3635 925 3699 cohortem
949 3635 1129 3721 expugnati

383 3717 515 3803 eiusque
536 3718 729 3803 principemi
752 3720 846 3804 capit.

141 3816 287 3896 Quibus³
303 3816 465 3903 digressis,
485 3841 544 3882 rex
562 3818 604 3882 ad
620 3819 775 3904 oppidum
789 3821 1043 3886 Montiniacum⁴
1062 3819 1171 3884 cohor·
1184 3837 1234 3878 ecs.

56 3911 120 3966 tem
142 3901 247 3982 mittit,
271 3923 352 3986 quae
381 3901 460 3964 illud
488 3912 623 3986 occupet
649 3913 843 3989 captumque
873 3904 987 3986 diruat,
1018 3925 1056 3968 eo
1085 3901 1173 3989 quod

118 4043 140 4096 a)
153 4052 203 4096 post
219 4047 269 4088 add.
329 4044 353 4096 b)
370 4046 413 4085 tuit
427 4049 554 4094 magnaei
625 4045 645 4098 c)
663 4048 735 4088 Teod.
752 4050 943 4096 superseminare
960 4051 981 4089 h.
1039 4048 1063 4100 d)
1079 4049 1173 4098 pusilla-

56 4105 120 4144 nimo
138 4107 158 4147 1.
218 4103 239 4155 e)
257 4105 337 4145 ardere
355 4107 375 4154 1,
399 4115 456 4144 corr.
474 4105 494 4145 2.
553 4102 571 4155 f)
587 4106 675 4145 deletum
690 4107 726 4145 sed
743 4113 794 4156 post
809 4109 936 4148 restitutum.
1005 4106 1028 4160 g)
1045 4109 1074 4146 ob
1090 4107 1173 4157 princi·

56 4174 112 4211 pum
128 4164 288 4203 dissidentiam
308 4165 346 4202 hoe
368 4164 413 4202 loco
429 4163 467 4203 del.
527 4162 551 4216 h)
568 4164 634 4214 obp.
652 4166 673 4204 d.
689 4166 713 4204 in
728 4177 796 4214 marc.
858 4165 875 4218 i)
891 4171 921 4217 at,
938 4177 974 4207 em
990 4167 1046 4206 absc.

133 4257 161 4324 1)
182 4259 447 4323 Chtteau·Thierry.
513 4257 541 4324 2)
560 4259 639 4312 Flod.
661 4261 722 4310 937.
778 4260 988 4325 3)F10d.938.
1050 4258 1079 4324 4)
1099 4261 1174 4310 Mon·

56 4331 133 4396 tigny
151 4333 180 4380 in
198 4348 269 4398 pago
290 4333 483 4384 suessionensi.
