2820 4824
354 367 506 418 RIGHERI
525 366 777 446 HlSTORIARUM
796 367 908 417 LIBER
927 369 950 418 I.
1179 370 1211 417 21

98 537 197 620 igitur
217 535 251 598 in
265 533 457 599 Richuinum
480 534 626 598 comitem
649 533 758 615 fertur,
782 555 819 597 eo
842 534 928 620 quod
944 542 975 598 et
989 535 1057 621 ipse
1073 535 1215 600 desertor
1224 552 1276 592 921.

97 619 241 684 Rotberti
269 628 376 705 partes
403 617 582 682 tuebatur¹.
638 618 718 681 Eius
753 639 828 702 ergo
860 618 986 702 oppidis
1015 617 1214 683 obsidionem

98 701 235 783 adhibet,
257 701 438 766 vehementi
459 702 696 798 expugnatione
719 701 879 766 infestans.
911 703 956 765 At
970 700 1022 765 ille
1037 704 1214 787 equitatum

98 785 326 852 intolerabilem
347 785 525 867 advertens,
547 807 615 849 1urc
639 785 785 850 obsidum
799 787 906 849 victus
928 786 969 849 ad
991 808 1100 870 regem
1122 787 1213 851 redit.

97 870 168 934 Rex
190 872 312 935 victum
335 870 509 954 excipiens,
538 869 680 932 animum
701 870 743 933 ab
765 870 813 931 ira
835 869 979 953 mitigata
1001 872 1059 932 ac*
1082 893 1154 934 eum
1181 872 1215 934 in

95 955 232 1039 gratiam
252 953 393 1018 resumit.

181 1039 232 1102 28.
277 1037 364 1100 Dum
393 1036 473 1097 haec
495 1032 705 1117 gerebantur,
734 1034 904 1099 Rotbertus
927 1034 1067 1100 Celticae
1091 1035 1214 1103 Galbae

98 1122 166 1185 dux
196 1123 316 1206 piratas
355 1120 471 1183 acriter
508 1117 690 1200 impetebat.
750 1119 955 1203 Irruperant²
996 1120 1080 1183 enim
1110 1119 1213 1185 duceb

96 1204 245 1287 Rollonc,
277 1202 342 1266 filio
374 1199 494 1282 Catilli,
528 1200 610 1264 intra
642 1199 824 1265 Neustriam
863 1203 1030 1288 repentini.
1082 1204 1214 1289 Iamque
1226 1229 1287 1270 sna

96 1287 240 1373 Ligerim
264 1286 364 1349 classe
385 1284 625 1348 transmiserant
646 1307 684 1348 ac
699 1285 816 1350 finibus
838 1283 921 1368 illius
936 1287 1100 1351 indemnes
1115 1288 1214 1372 potic-

97 1374 224 1436 bantur.
273 1369 369 1434 lbant
394 1367 515 1453 passim
546 1365 703 1452 palantes,
736 1380 832 1455 atque
865 1391 938 1433 cum
974 1370 1214 1436 vehementibus

97 1453 257 1518 manubiis
289 1455 331 1516 ad
364 1452 496 1516 classem
529 1473 597 1515 sese
629 1452 817 1517 referebant.
865 1453 945 1518 Dux
977 1477 1054 1519 vero
1083 1477 1124 1518 ex
1150 1465 1216 1519 tota

97 1537 247 1603 Neustria
262 1538 370 1622 copias
386 1534 562 1620 collegerat.
595 1535 705 1601 Plures
722 1559 849 1623 quoque
864 1561 906 1602 ex
920 1539 1094 1624 Aquitania
1109 1561 1215 1602 accer-

99 1622 226 1686 siverat.
269 1619 412 1685 Aderant
441 1621 533 1684 etiam
561 1620 602 1683 ab
624 1633 720 1705 rege⁰
747 1624 863 1685 missac
892 1624 1048 1708 quatuord
1071 1623 1214 1688 cohortes

98 1729 140 1770 ex
161 1704 301 1791 Belgica,
345 1704 439 1768 uibus
461 1713 492 1768 et
513 1703 706 1768 Richuinuse
727 1705 888 1790 predictus
903 1715 1038 1792 preerat.
1081 1706 1215 1793 Aquita-

97 1812 211 1853 norum
238 1727 482 1874 veroqlegiones
511 1785 709 1852 Dalmatius³
739 1789 881 1854 curabat.
939 1791 1103 1855 Neustrios
1137 1813 1213 1855 vero

95 1874 164 1959 ipse
187 1874 254 1938 dux
275 1873 445 1939 Rotbertus
467 1871 666 1956 disponebat.
711 1873 828 1958 Sicque
841 1883 926 1938 totus
948 1874 1039 1938 ducis
1055 1877 1213 1939 exercitus

95 1958 129 2020 in
150 1959 254 2022 loooo
269 1959 411 2042 equitum
434 1953 636 2019 consistebat.
678 1956 896 2020 Dalmatiumf
915 1981 991 2043 ergo
1015 1981 1089 2022 cum
1114 1957 1213 2043 Aqui-

95 2043 178 2106 tanis
200 2043 233 2104 in
254 2044 358 2126 prima
378 2040 481 2103 fronte
504 2040 702 2121 constituite,
725 2039 799 2103 dein
813 2040 929 2126 Belgas
937 2044 977 2124 ”3
1001 2053 1034 2107 at
1048 2042 1213 2107 Neustrios

96 2125 269 2190 subsidiis&
288 2125 383 2188 locat.
425 2123 501 2207 Ipse
523 2123 620 2186 etiam
642 2123 709 2185 dux
730 2122 871 2207 legiones
893 2126 1091 2207 circumiens,
1114 2127 1212 2210 preci-

95 2231 176 2294 puos
207 2231 350 2294 quosque
376 2207 506 2270 nomine
533 2226 651 2268 vocans
680 2205 840 2287 hortatur,
871 2217 906 2270 ut
928 2231 1004 2271 suae
1026 2209 1152 2271 virtutis
1174 2230 1213 2270 ac

94 2291 269 2355 nobilitatis
297 2291 470 2375 plurimum
500 2289 714 2368 meminerint3
742 2310 800 2372 pro
822 2291 938 2373 patria,
965 2313 1023 2374 pro
1046 2292 1127 2370 vita,
1155 2313 1213 2374 pro

94 2375 241 2439 libertate
271 2372 458 2437 certandum
486 2393 649 2451 asserens5
682 2371 721 2434 de
749 2383 850 2436 morte
877 2395 941 2436 non
970 2372 1213 2451 sollicitandum,

96 2480 170 2520 cum
193 2480 231 2522 ea
253 2455 399 2521 omnibus
425 2457 546 2518 incerta
573 2455 632 2536 sit,
670 2455 698 2517 si
725 2477 799 2519 vero
822 2455 959 2541 fugiant,
990 2459 1035 2520 eis
1060 2455 1140 2519 nihil
1172 2458 1213 2522 ab

94 2541 240 2606 hostibus
263 2564 332 2605 esse
352 2539 431 2603 relin
455 2537 603 2602 uendum.
646 2537 707 2600 His
730 2547 761 2602 et
782 2538 852 2602 aliis
875 2562 969 2626 quam
992 2540 1135 2626 plurimis
1157 2541 1213 2604 mi·

94 2625 186 2689 litum
201 2626 323 2688 animos
338 2561 537 2687 incendebat.
567 2621 692 2701 Quibus
715 2621 835 2705 dictish,
853 2623 968 2687 dux***
989 2627 1022 2688 in
1036 2623 1140 2687 locum
1155 2625 1212 2690 ubi

93 2709 230 2796 prelium
252 2718 319 2774 erat
339 2706 531 2791 gerendumi
553 2706 722 2768 instructos
743 2707 869 2772 ordines
892 2708 1028 2772 deducit.

179 2796 230 2858 29.
274 2793 361 2856 *Nec
388 2792 492 2854 minus
520 2797 551 2853 et
579 2788 717 2852 hostium
745 2792 903 2855 exercitus
933 2792 1121 2856 contrahes
1143 2805 1323 2856 rem‘f01·⁹'·

94 2876 264 2943 militarem
293 2874 393 2939 multa
414 2873 542 2949 audatia
569 2871 768 2937 ordinabant.
813 2874 956 2954 Quorum
990 2878 1148 2941 exercitus
1177 2878 1211 2940 in

95 2962 200 3027 50000
221 2970 415 3024 armatorum
437 2957 622 3037 consistens,
646 2956 815 3022 ordinatim
839 2959 1080 3024 obvenientibus
1103 2981 1211 3045 procc-

96 3044 152 3109 dit.
196 3045 366 3108 Rotbertus
388 3042 456 3104 dux
477 3041 543 3104 vim
565 3037 641 3104 belli
656 3043 830 3105 maximam
851 3044 1017 3108 imminere
1032 3043 1210 3123 advertens,

97 3149 170 3192 cum
201 3126 288 3190 mille
314 3126 453 3190 robustis
483 3147 524 3188 ex
552 3123 701 3187 Neustria
728 3125 890 3191 Dalmatio
918 3128 952 3190 in
978 3128 1081 3213 prima
1109 3127 1212 3192 fronte

96 3233 165 3276 sese
187 3211 327 3274 assotiat.
377 3208 527 3271 Procedit
547 3207 655 3292 itaque
678 3230 751 3271 cum
774 3209 935 3275 Dalmatio
959 3221 990 3276 et
1010 3210 1181 3297 Aquitanis
1190 3213 1213 3273 †.

172 3335 195 3402 *)
215 3336 298 3386 multa
313 3335 495 3386 benivolentia
514 3335 633 3384 assumit.
676 3336 819 3386 Enimvero
846 3338 967 3388 omnibus
993 3338 1095 3404 placita
1122 3338 1213 3388 deser·

216 3409 316 3460 toribus
336 3407 393 3459 ficri
413 3408 534 3474 parabat.
573 3407 677 3472 Vixque
698 3424 743 3460 eos
768 3411 807 3460 sic
831 3411 984 3461 revocabat.
1023 3411 1078 3460 Sua
1105 3425 1211 3476 quoque

218 3483 296 3546 (corr.
316 3483 427 3533 Necnon
447 3479 486 3547 et)
513 3482 538 3530 ei
557 3479 606 3530 sub
626 3479 690 3529 fidei
710 3485 910 3534 conservandae
930 3490 991 3534 acta
1012 3483 1165 3534 conditione
1186 3484 1212 3533 ei

216 3555 277 3621 (sua
287 3563 347 3621 post
357 3552 434 3620 odd.)
447 3554 562 3605 restituit
572 3553 685 3604 vadibus
699 3555 755 3605 iure
763 3555 845 3620 legali
858 3558 992 3607 concessis
1007 3557 1070 3607 odd.
1084 3557 1107 3619 1,
1122 3556 1172 3607 del.
1184 3555 1209 3604 2.

157 3628 193 3694 ”l
213 3631 245 3680 B.
266 3628 333 3679 duce
355 3628 506 3680 Gisleberto
526 3624 572 3693 (ac
586 3632 649 3690 post
666 3625 744 3692 add.)
764 3628 882 3692 ordinat;
901 3629 964 3680 inde
984 3631 1016 3679 N.
1039 3631 1062 3680 1.

146 3701 195 3769 Μ)
216 3704 294 3768 signa
314 3717 409 3769 capere
429 3701 504 3751 iubet
522 3701 612 3764 itaque
633 3699 697 3750 odd.
720 3702 743 3763 1,
763 3701 813 3752 del.
834 3704 859 3753 2.

169 3774 194 3842 i)
215 3792 275 3827 cum
294 3776 434 3841 Aquitanis
453 3772 583 3824 frontibus
602 3772 713 3824 maforto
733 3774 845 3840 signatis
866 3776 889 3838 1,
909 3792 976 3826 corr.
993 3776 1018 3824 2.

156 3864 400 3917 a)a..iramitig..
416 3866 461 3904 cod.
507 3861 531 3913 b)
548 3863 570 3902 d.
587 3863 615 3904 R.
631 3863 646 3901 f.
663 3863 687 3904 (1,
702 3865 810 3913 postadd.
858 3863 879 3916 c)
896 3867 919 3904 in
935 3866 979 3904 loco
995 3876 1047 3902 raso
1064 3865 1085 3904 2.
1132 3861 1155 3914 d)
1171 3874 1211 3904 no·

95 3937 148 3968 vem
164 3929 185 3968 1.
247 3924 269 3978 e)
285 3927 312 3965 R.
327 3937 350 3976 p,
367 3929 418 3974 post
433 3923 484 3962 add.
545 3919 563 3972 f)
579 3922 656 3964 Dalm.
675 3945 700 3952 -
717 3924 855 3963 incendebat
867 3929 917 3973 post
934 3925 1025 3963 deducit
1048 3923 1128 3971 scriptu
1149 3927 1211 3962 erant

96 3985 176 4027 additis
192 3985 274 4024 vertit:
292 3985 343 4032 Quo
358 3983 398 4022 ubl
413 3984 548 4032 perventum
562 3983 608 4028 est3
625 3991 679 4029 ergo
695 3987 743 4032 post
760 3983 809 4025 add.
855 3980 878 4031 g)
895 3983 924 4022 sd
940 3983 1043 4022 subsidia
1060 3983 1079 4020 1.
1124 3979 1148 4032 h)
1166 3981 1210 4020 col-

96 4044 162 4091 lectis
179 4045 200 4082 1.
267 4041 284 4094 i)
297 4042 429 4082 habendum
447 4043 467 4092 1,
482 4051 539 4079 corr.
557 4042 578 4080 2.

172 4107 200 4176 1)
220 4108 328 4160 Ricuini
345 4107 460 4176 infidelis
479 4104 522 4158 sai
544 4109 623 4162 Flod.
699 4106 727 4172 2)
748 4109 895 4173 Sequentia
914 4107 986 4158 solus
1001 4108 1145 4171 Richerus;
1165 4107 1211 4172 qui

94 4199 212 4250 pugnam
233 4183 423 4234 carnotensem
443 4197 468 4231 a.
488 4181 550 4233 911.
570 4181 662 4250 (Hugo
681 4180 762 4244 Flor,
782 4180 830 4232 SS.
851 4181 899 4243 IX,
919 4178 1022 4247 p.380)
1041 4181 1093 4230 huc
1112 4179 1211 4229 retulit.

95 4254 125 4320 3)
145 4256 300 4307 Dolmocioe
325 4262 412 4306 auster
431 4271 484 4319 per
508 4255 597 4306 omnia
614 4253 787 4320 fidelissimus
811 4252 884 4304 miles
908 4253 1033 4304 laudetur
1057 4255 1085 4302 in
1104 4250 1211 4302 Rodulfi

95 4331 167 4395 regis
178 4330 279 4393 charta,
289 4330 376 4394 Bouq.
386 4329 434 4390 lx,
444 4345 471 4394 p.
480 4327 543 4379 tro.
564 4329 622 4382 GU.
696 4327 726 4394 4)
738 4327 892 4378 Sallustium
902 4328 1028 4393 imitatur,
1040 4324 1119 4376 Catil.
1131 4339 1153 4375 c.
1167 4323 1210 4374 59.
