2820 4824
238 375 256 423 «1
501 369 655 421 RICHERI
674 367 926 421 HISTORIARUM
945 367 1056 418 LIBER
1075 367 1098 417 1.

238 538 401 624 principes
433 538 532 601 nimia
562 559 668 601 rerum
701 535 849 619 cupidine
882 555 950 598 sese
982 534 1086 618 preire
1120 534 1360 619 contenderent,

239 623 373 708 quisque
395 630 431 685 ut
450 630 576 707 poterat
596 642 664 684 rem
686 617 849 683 dilatabat.
892 617 995 682 Nemo
1013 620 1118 702 regis⁸¹
1138 622 1360 703 provectumb,

118 723 160 780 ’μ
176 727 229 770 sio.
237 728 332 770 nemo
355 707 467 790 *regni
494 702 625 769 tutelam
647 703 810 789 querebat.
853 700 968 765 Aliena
998 700 1038 765 ad
1063 702 1166 766 ninere
1195 724 1360 773 summum

239 791 355 874 cuique
377 799 454 854 erat.
493 788 561 852 Nec
583 810 650 851 rem
673 809 763 850 suam
784 785 960 871 provehere
982 724 1160 866 viddbatur,
1184 787 1240 872 qui
1262 787 1360 852 alieni

238 872 360 958 aliquid
381 895 445 936 non
467 871 614 936 addebat.
652 870 746 935 Unde
761 881 793 934 et
808 869 950 934 omnium
965 870 1135 933 concordia
1150 871 1183 932 in
1198 893 1359 936 summam

238 955 432 1020 discordiam
449 954 577 1041 relapsa
591 965 648 1020 est.
685 954 771 1018 Hinc
787 953 990 1040 direptiones,
1012 953 1087 1016 hinc
1101 954 1260 1036 incendia,
1282 955 1359 1019 hino

238 1063 344 1105 rerum
373 1041 577 1126 pervasiones
605 1061 753 1104 exarsere
762 1051 785 1100 ⁰.
828 1038 919 1118 Quae
943 1059 1015 1100 cum
1037 1037 1270 1101 immanissime
1292 1041 1359 1124 agi-

237 1134 388 1206 tarentur,
434 1125 533 1189 iratae
543 1137 564 1206 ¹,
587 1124 643 1210 qui
664 1120 921 1186 Rhodomensem
942 1121 1141 1206 provinciam
1163 1120 1358 1205 incolebant,

238 1231 321 1294 quae
343 1218 391 1272 est
410 1148 553 1272 beticae
577 1205 702 1270 Galliae
723 1228 809 1292 pars,
832 1205 873 1268 ad
895 1228 1002 1269 rerum
1023 1206 1257 1269 immanitatem
1279 1207 1357 1270 inei-

236 1301 352 1357 tantur.
396 1291 488 1356 Haec
512 1313 592 1376 gens
614 1288 656 1354 ab
678 1288 789 1353 insulis
818 1289 929 1352 oceani
958 1288 1233 1374 septentrionalis(l
1255 1312 1358 1354 remo-

106 1384 166 1432 ‘ror
182 1389 225 1431 ²b·
236 1375 370 1444 tionibus
393 1376 449 1440 diu
469 1384 543 1439 ante
565 1375 697 1439 exierat.
741 1372 823 1436 ‘Et‘
852 1395 910 1457 per
938 1374 1040 1436 maria
1068 1371 1203 1437 errando
1232 1372 1358 1438 classed

237 1460 381 1541 devecta,
412 1480 570 1522 summam
598 1457 681 1520 hanc
704 1455 880 1520 Galliarum
902 1467 1027 1542 partem
1049 1457 1206 1541 attigerat.
1253 1457 1358 1543 Saepe

238 1565 365 1629 quoque
388 1564 460 1606 eam
481 1542 579 1605 armis
600 1541 773 1626 impetivit,
803 1562 899 1626 saepe
921 1541 1016 1605 etiam
1039 1563 1059 1603 a
1080 1551 1183 1604 terrae
1204 1541 1358 1628 principi-

237 1627 297 1691 bus
320 1626 447 1690 devicta
469 1624 628 1688 occubuit.
673 1623 769 1704 Quod
791 1645 863 1687 cum
886 1623 1046 1689 multoties
1069 1625 1151 1688 inter
1166 1646 1235 1688 sese
1250 1648 1358 1690 move·

237 1717 322 1791 rent,
355 1710 460 1772 visum
488 1708 548 1772 fuit
576 1705 699 1772 Galliae
728 1707 928 1792 primatibus,
962 1718 998 1772 ut
1026 1708 1110 1772 dono
1136 1730 1249 1793 regum
1276 1709 1357 1774 haec

236 1793 406 1878 provincia
433 1793 464 1855 ei
492 1791 725 1874 conferretur²;
758 1793 803 1855 ita
829 1800 947 1874 tamen,
979 1802 1024 1872 ut,
1053 1791 1201 1856 idolatria
1230 1795 1358 1878 penitus

237 1876 359 1958 relicta,
386 1874 577 1940 christianae
604 1875 751 1960 religioni
778 1898 811 1940 se
840 1875 976 1940 fideliter
1007 1877 1206 1961 manciparet
1232 1898 1358 1941 necnon

238 1971 271 2025 et
304 1958 435 2044 regibus
472 1958 649 2024 Galliarum
681 1969 766 2024 terra
807 1961 951 2045 marique
987 1959 1144 2024 fideliterd
1179 1959 1332 2026 militaret
1340 1961 1356 2024 f.

236 2044 343 2108 Huius
364 2043 550 2128 provinciae
570 2042 754 2128 metropolis
765 2042 968 2107 Rhodomum
990 2065 1060 2108 esse
1083 2043 1268 2125 dinoscitur,
1297 2067 1357 2110 sex

237 2138 363 2193 tantum
380 2125 524 2209 urbibus,
540 2127 669 2192 Baiocis
683 2125 843 2208 videlieet,
859 2127 1067 2209 Abrincanto,
1083 2127 1228 2208 Ebrocis,
1246 2127 1355 2212 Sagio,

238 2212 454 2294 Constantiae,
475 2211 613 2293 Liscio⁸,
636 2213 703 2276 vim
718 2233 795 2274 suae
810 2211 1034 2274 dominationis
1048 2211 1225 2274 intendens.
1260 2212 1356 2277 Hanc

236 2297 281 2361 ita
304 2319 345 2362 ue
360 2319 401 2361 ex
416 2296 548 2382 antiquo
562 2296 605 2358 ad
619 2296 753 2381 piratisl
792 2307 969 2359 ossessamss
983 2317 1061 2377 esse,
1076 2295 1282 2359 manifestum
1298 2307 1355 2364 est.

238 2318 305 2445 Sed
332 2390 466 2480 paterna
491 2380 588 2444 tunc(¹
611 2381 724 2444 sevitia
775 2380 872 2460 uetih,
905 2380 940 2442 in
970 2379 1132 2464 principes
1165 2378 1356 2446 dissidentes

236 2464 341 2529 moliri
368 2473 531 2528 conantur.
574 2463 670 2526 Unde
692 2473 724 2527 et
743 2463 917 2526 latrociniis
938 2484 977 2526 ac
999 2460 1251 2526 discursionibus
1273 2465 1357 2528 Brit-

236 2549 380 2611 tanniam
401 2549 567 2628 minorem,
591 2568 673 2630 quae
695 2555 743 2609 est
765 2545 890 2609 Galliae
912 2547 1062 2631 contigua
1083 2557 1179 2644 atque
1205 2545 1356 2630 militans,

237 2631 386 2694 infestare
408 2629 647 2713 aggrediuntur.
690 2629 815 2714 Reique
837 2632 1039 2694 occasionem
1060 2641 1155 2709 nacti,
1181 2629 1280 2694 fidem
1302 2655 1357 2717 pe·

130 2729 192 2774 ‘rou
205 2735 227 2774 r.
237 2715 323 2778 nitus
356 2711 550 2797 abrumpunt
581 2711 777 2798 ulteriusque
832 2713 988 2777 rocedunt
1015 2715 1050 2777 in
1080 2713 1229 2778 Galliam.
1285 2717 1356 2780 *Ac

165 2795 227 2834 ⁰⁰⁸²·
238 2797 488 2882 circumquaque
514 2794 667 2881 palantes,
695 2795 791 2882 longe
809 2736 944 2882 lateque
967 2797 1195 2880 diffunduntur,
1223 2798 1357 2863 femina·

237 2903 319 2961 rum,
341 2901 524 2966 puerorum,
545 2879 706 2964 pecudum
724 2890 966 2967 ceterarumque
980 2903 1087 2945 rerum
1108 2904 1173 2945 non
1194 2882 1357 2946 modicam

237 2964 372 3050 predam
406 2963 611 3028 abducentes.
667 2964 892 3048 Recipiunturi
921 2987 996 3028 vero
1025 2987 1097 3029 cum
1127 2966 1176 3029 his
1206 2965 1356 3030 omnibus

237 3070 330 3112 secus
354 3047 537 3133 Sequanam
565 3047 636 3111 loco
667 3049 722 3133 qui
751 3046 881 3112 Givoldi
912 3048 1019 3113 fossa⁴
1046 3059 1261 3134 nuncupatur.
1305 3049 1355 3114 Ac

236 3132 322 3196 idem
337 3132 445 3217 sepius
460 3133 613 3230 aggressi,
636 3130 760 3195 Galliae
776 3130 915 3196 Celticae
929 3141 1063 3218 partem,
1087 3156 1168 3220 quae
1185 3132 1356 3218 Sequanae

236 3215 409 3302 Ligerique
436 3214 543 3280 fluviis
568 3216 742 3299 interiacet,
797 3218 879 3280 uae*
907 3226 940 3281 et
965 3216 1115 3282 Neustria
1141 3228 1355 3302 nuncupatur,

120 3318 179 3367 ⁸101.
194 3323 225 3366 a‘.
236 3309 336 3366 totam
350 3321 433 3386 pene
448 3300 594 3364 insectati
609 3302 713 3364 suntl.
756 3237 916 3386 *llisquel
932 3301 1038 3364 animo
1054 3302 1165 3382 inerat,
1188 3301 1356 3366 interiores

238 3382 415 3449 Galliarum
445 3394 551 3470 partes
578 3385 755 3470 irrumpere
783 3406 957 3469 earumque
978 3395 1090 3469 gentes
1117 3395 1173 3448 aut
1194 3407 1214 3447 a
1236 3385 1356 3449 finibus

235 3467 353 3555 pellere
379 3478 435 3533 aut
461 3469 661 3554 gravissimis
683 3467 875 3532 substituere
897 3468 1034 3532 tributis.
1076 3467 1117 3532 Id
1138 3469 1235 3532 etiarn
1257 3469 1356 3534 ante(1

309 3612 333 3679 *)
354 3631 381 3679 q.
402 3619 428 3663 et
446 3613 479 3664 N.
499 3628 526 3662 n.
545 3611 609 3662 add.
630 3611 656 3661 2.

295 3737 317 3790 a)
335 3739 396 3788 regis
411 3749 467 3778 corr.
483 3738 540 3788 eius,
553 3736 711 3786 pertrectauit
728 3737 748 3776 2.
794 3735 819 3788 b)
836 3739 956 3777 commoda
972 3740 992 3779 1.
1039 3737 1060 3790 c)
1077 3749 1221 3780 exarsere-
1236 3742 1329 3781 exierat
1344 3743 1357 3781 2

234 3798 380 3837 inlocoraso.
418 3794 441 3847 d)
455 3797 562 3844 portato.
608 3793 631 3847 e)
647 3795 859 3836 Et-inGalliam
878 3797 903 3836 in
924 3798 1022 3836 schedula
1035 3804 1086 3846 post
1102 3799 1191 3848 adjecta.
1238 3797 1358 3850 o-rent

235 3867 292 3896 corr.
311 3859 380 3895 --ret¹
441 3853 745 3904 &perseuerauerunt
760 3855 792 3896 ed.
852 3852 875 3906 h)
893 3856 955 3895 ducti
973 3879 999 3887 -
1016 3857 1157 3897 Gelliamin
1173 3859 1288 3897 lecaraco
1304 3859 1357 3899 azio

235 3914 314 3955 deletis.
367 3911 385 3964 t)
402 3914 591 3963 recipiunturque
608 3915 629 3953 1,
681 3912 706 3964 k)
719 3913 788 3962 ptura
803 3924 873 3954 crasa.
933 3913 950 3966 l)
968 3916 1009 3955 Hie
1025 3918 1047 3956 1.

311 4042 339 4110 1)
358 4045 376 4095 i.
398 4059 422 4095 e.
442 4045 601 4106 Normenni,
630 4045 676 4110 qui
700 4049 764 4095 tuno
794 4045 912 4097 nondum
937 4047 1115 4111 Rotomagnm
1136 4046 1241 4114 'adepti
1270 4055 1357 4101 erant.

236 4116 265 4182 2)
284 4118 327 4167 De
341 4122 420 4184 pacto
435 4133 495 4168 cum
507 4116 621 4168 Rollone
641 4117 709 4168 duce
723 4134 747 4170 a.
758 4119 820 4169 911.
841 4120 912 4170 facto
931 4119 1005 4186 loqui
1024 4120 1137 4183 videtur,
1156 4137 1244 4172 rerum
1264 4127 1356 4188 gesta·

235 4206 293 4241 rum
313 4190 434 4240 ordinem
452 4189 532 4240 valde
551 4191 668 4243 turbans.
707 4192 784 4254 Quod
809 4194 861 4243 hoc
887 4192 948 4244 loco
974 4198 1034 4258 post
1052 4194 1151 4245 inserto
1171 4195 1274 4245 factum
1295 4212 1357 4248 esse

235 4268 318 4330 patet.
393 4264 422 4330 3)
440 4263 529 4314 Hodie
548 4265 668 4333 Bayeux,
687 4265 852 4329 Avrsnches,
871 4267 987 4328 Evreux,
1008 4264 1075 4316 seez
1095 4265 1190 4333 (prope
1210 4267 1357 4336 Alenpon),

237 4335 396 4402 Contances,
416 4337 534 4389 Lisieux.
608 4335 638 4402 4)
658 4337 784 4404 Gefosse3
805 4339 838 4392 cf.
858 4339 995 4390 Prudentii
1015 4339 1125 4390 annales
1144 4356 1167 4392 a.
1188 4340 1252 4392 856.
