2820 4824
257 362 309 410 124
500 358 655 410 RICHERI
673 357 926 410 HISTORIARUM
944 357 1057 408 LIBER
1076 359 1131 410 111.

194 543 245 587 ⁹⁸4.
255 528 343 591 cives
366 547 438 588 cum
459 523 604 589 viderent
629 523 716 588 nulla
737 546 756 587 a
783 525 849 588 suis
877 525 1075 589 extrinsecus
1102 524 1257 609 suffragia
1282 527 1361 610 mitti,

254 633 315 675 nec
336 611 420 694 iugis
441 606 534 694 prelii
555 607 681 694 pondus
703 631 736 673 se
758 606 892 672 tolerare
920 618 1045 694 posse³‚
1073 607 1207 673 consilio
1229 609 1305 674 inito
1325 611 1361 673 in·

256 694 410 779 dempnes
431 701 463 757 et
482 693 594 756 intacti
614 691 758 756 hostibus
785 713 919 756 cessere.
959 690 1082 756 Urbem
1108 694 1319 777 aperueruntl
1337 701 1362 758 et

256 800 324 842 sese
345 776 497 840 Lothario
519 777 596 840 victi
618 774 807 840 obtulerunt.
852 775 951 863 (102.)
996 775 1122 856 Quibus
1144 779 1293 861 peractis,
1313 799 1359 840 rex

255 861 298 924 ad
319 860 432 925 urbem
453 861 604 925 tuendam
625 882 659 923 re
683 860 768 922 inam
783 859 932 922 Emmam
947 860 981 922 in
995 880 1033 924 ea
1046 858 1184 946 reliquit.
1211 861 1286 945 Ipse
1299 882 1358 924 cun

256 946 399 1010 exercitu
413 943 604 1007 Laudunum
626 883 729 1025 rediit,
752 965 826 1007 suos
848 944 943 1007 etiam
965 942 1006 1006 ad
1028 965 1087 1007 sua
1100 944 1207 1008 redire
1221 945 1358 1029 permisit

256 1030 378 1093 Tantae
400 1027 634 1093 benivolentiae
656 1026 765 1090 favore
780 1026 867 1112 apud
883 1049 936 1091 eos
952 1049 1038 1109 usus,
1060 1037 1096 1092 ut
1109 1029 1248 1113 repetito
1263 1028 1358 1092 itinere

256 1135 290 1178 se
319 1111 450 1176 ulterius
479 1113 588 1194 ituros,
611 1111 637 1175 si
659 1111 791 1192 iuberet,
813 1109 1049 1196 pollicerentur3
1080 1119 1111 1176 et
1137 1111 1292 1196 neglectis
1311 1133 1357 1196 pro

255 1206 318 1261 tem
346 1218 399 1260 ore
421 1195 570 1260 domibus
593 1203 624 1258 et
644 1195 735 1276 natis,
759 1216 832 1258 cum
852 1193 942 1260 hoste
963 1195 1141 1259 comminus
1156 1195 1356 1260 dimicaturos.

254 1219 425 1345 Lotllarius
447 1281 567 1344 interea
588 1277 676 1364 apud
698 1300 772 1342 suos
796 1276 1000 1361 deliberabat,
1028 1290 1136 1343 utrum
1157 1279 1265 1364 potius
1284 1279 1355 1357 foret

256 1386 325 1429 sese
347 1363 479 1427 ulterius
501 1364 548 1428 ire
575 1363 736 1448 armisque
764 1370 815 1425 et⁰
840 1361 982 1427 viribus⁰
1003 1372 1102 1428 totam
1125 1361 1289 1448 Belgicam
1309 1361 1355 1426 sibi

256 1448 439 1534 subiugare,
462 1469 504 1510 an
524 1445 692 1511 residendo
707 1445 854 1528 Virduni,
876 1468 935 1531 per
948 1445 1070 1531 legatos
1085 1445 1206 1512 habitis
1221 1445 1355 1510 suasioni·

254 1532 324 1615 bus,
353 1553 457 1596 mores
484 1531 624 1594 hostium
651 1529 692 1593 ad
714 1551 807 1593 suum
829 1531 971 1594 animum
991 1530 1174 1595 informare.
1226 1530 1263 1595 Si
1288 1530 1355 1593 enin

255 1638 310 1680 eos
341 1615 424 1679 ferro
453 1616 603 1695 vinceret,
636 1635 710 1677 cum
741 1613 775 1677 id
804 1615 872 1678 sine
900 1613 999 1678 multo
1013 1615 1184 1698 sanguine
1212 1613 1282 1678 fieri
1306 1635 1355 1676 non

255 1708 372 1784 posset,
395 1696 558 1782 cogitabat
578 1700 611 1760 in
632 1707 796 1784 posterum
817 1699 922 1761 minus
944 1698 989 1762 eis
1004 1696 1211 1776 credendum,
1233 1719 1271 1762 eo
1287 1695 1355 1782 quod

256 1783 432 1845 amicorum
462 1780 568 1845 labem
594 1783 639 1846 eis
666 1779 816 1844 intulerit.
868 1780 904 1846 Si
931 1802 1006 1845 vero
1032 1804 1091 1867 per
1124 1779 1355 1846 benivolentiam

255 1887 437 1930 reversuros
465 1874 658 1949 expectaret,
686 1864 864 1928 cavendum
890 1865 1034 1950 putabat,
1062 1888 1104 1930 ne
1133 1866 1168 1928 in
1196 1873 1285 1929 tanto
1306 1865 1354 1928 otio

253 1947 360 2013 hostes
381 1946 599 2014 insolentiores
619 1948 835 2013 redderentur.

506 2105 575 2170 103.
612 2105 769 2170 Virduni‘1
790 2106 935 2169 invasiod
960 2127 980 2168 a
1000 2103 1119 2191 Belgis.

188 2231 248 2274 ossa
339 2209 428 2272 Dum
449 2207 529 2272 haec
549 2207 649 2272 multa
671 2206 900 2272 consultatione
922 2207 1096 2290 ventilaret,
1123 2206 1184 2271 Bel
1210 2209 1277 2272 'cae
1303 2207 1356 2272 dux

256 2291 451 2357 Teodericus
482 2314 608 2356 necnon
635 2300 666 2356 et
692 2293 742 2354 vir
769 2291 886 2355 nobilis
919 2313 957 2354 ac
991 2300 1137 2356 strenuus
1202 2291 1356 2370 odefridus,

257 2375 436 2461 Sigefridus
460 2388 609 2463 quoquec
630 2376 680 2438 vir
708 2374 847 2456 illustris,
874 2374 981 2438 Bardo
1003 2375 1099 2439 etiam
1122 2385 1154 2440 et
1178 2374 1292 2440 Gozilo
1310 2374 1356 2438 fra-

256 2470 319 2524 tres
349 2459 515 2524 clarissimi
543 2470 575 2524 et
599 2460 845 2522 nominatissimi
882 2458 998 2544 aliique
1031 2460 1196 2545 principes
1232 2455 1357 2524 nonnulli

256 2542 391 2607 latenter
416 2553 632 2630 pertemptant
654 2543 833 2607 Virdunum
854 2543 1029 2628 irrumpere
1051 2564 1189 2629 eamque
1212 2566 1233 2608 a
1255 2542 1357 2608 Gallisr

257 2648 424 2690 evacuare.
468 2628 639 2713 Factisque
661 2626 796 2708 insidiis,
817 2627 1050 2710 negotiatorum
1072 2626 1261 2708 claustrum,
1282 2645 1356 2690 muro

256 2711 356 2772 instar
377 2711 488 2795 oppidi
517 2720 708 2792 extructum,
737 2711 778 2775 ab
800 2708 879 2774 urbe
902 2709 1031 2796 quidem
1052 2711 1146 2774 Mosa
1171 2711 1357 2777 interfluente

257 2793 446 2873 seiunctum,
469 2794 524 2857 sed
539 2793 689 2879 pontibus
711 2793 836 2858 duobus
852 2795 1039 2858 interstratis
1059 2795 1088 2857 ei
1102 2815 1278 2878 annexum,
1299 2814 1357 2859 cum

258 2875 366 2940 electis
394 2876 530 2940 militum
552 2878 651 2962 copiis
680 2879 816 2960 ingressi
838 2888 921 2942 sunt.
963 2877 1134 2942 Annonam
1163 2901 1293 2944 omnem
1311 2879 1357 2942 cir·

258 2981 460 3045 cumquaque
487 2960 603 3024 milites
627 2961 770 3044 palantes
799 2962 967 3026 advectare
988 2962 1142 3026 fecerunt.
1187 2963 1357 3048 Negotiato

257 3065 328 3106 rum
351 3065 476 3129 quoque
491 3045 593 3108 victus
615 3046 648 3107 in
669 3068 762 3109 usum
783 3045 933 3111 bellicum
948 3054 1150 3132 acceperunt.
1193 3047 1358 3132 Lignorum

257 3125 363 3191 trabes
386 3150 427 3191 ex
448 3127 621 3213 Argonnal
651 3136 749 3215 aggre
774 3131 820 3193 ari
841 3131 1008 3212 iusserunt,
1036 3139 1081 3211 ut,
1111 3131 1139 3192 si
1161 3129 1204 3193 ab
1227 3130 1358 3195 hostibus

257 3220 348 3276 extra
374 3211 539 3276 machinae
568 3215 668 3276 muris
696 3235 760 3298 app
775 3214 946 3295 careatur,
983 3214 1046 3298 ipsi
1079 3234 1209 3299 quoque
1239 3213 1358 3278 interius

257 3294 472 3361 obtinentibus
499 3297 654 3360 machinis
683 3298 829 3361 obstarec
858 3296 1050 3360 molirentur.
1101 3296 1216 3362 Crates
1247 3317 1358 3384 quoque

254 3379 428 3444 viminibus
444 3390 475 3446 et
494 3381 644 3446 arborum
659 3380 824 3444 frondibus
838 3380 960 3444 validas
979 3381 1193 3463 intexuerunt,
1216 3380 1359 3446 machinis

256 3466 382 3547 cremia,
421 3466 448 3528 si
481 3489 531 3530 res
560 3473 762 3550 exposceret,
797 3463 1102 3549 supersternendosf.
1153 3465 1262 3530 Sudes
1288 3465 1358 3530 ferro

255 3551 452 3612 acuminatos
475 3559 507 3613 et
527 3551 602 3634 igne
625 3549 773 3613 subustos
795 3549 836 3612 ad
854 3547 960 3612 hostes
987 3547 1247 3613 transfodiendos
1276 3568 1359 3636 quam
1400 3588 1402 3597 ι

254 3631 362 3715 plures
393 3643 594 3716 aptaverunt.
637 3632 772 3696 Missilia
792 3632 873 3695 varii
899 3632 1025 3716 generis
1050 3654 1108 3716 per
1137 3631 1249 3698 fabros
1277 3654 1360 3719 expe

255 3715 351 3779 diere.
403 3717 542 3778 Funium
569 3715 720 3781 millena&
746 3714 911 3778 volumina
941 3715 983 3778 ad
1011 3737 1088 3778 usus
1121 3714 1267 3781 diversos
1298 3737 1360 3781 con·
1400 3764 1402 3771 .

254 3809 422 3862 vexerunt.
476 3797 604 3882 Clipeos
636 3821 762 3886 quoque
793 3797 959 3864 habendae
991 3798 1145 3863 testudini
1177 3799 1360 3864 ordinandos
1400 3848 1402 3871 ,

255 3882 466 3945 instituerunt.
509 3883 658 3946 Preterea
680 3893 813 3947 centena
834 3883 944 3947 mortis
966 3891 1123 3948 tormenta
1144 3904 1213 3948 non
1234 3884 1360 3950 defuere.
1399 3902 1402 3973 1

1400 3976 1402 4007 Ι

315 4068 337 4120 a)
354 4080 486 4120 paucosque
502 4072 644 4112 multitudini
665 4074 747 4114 cedere
768 4075 818 4116 add.
839 4076 859 4116 1.
941 4071 964 4124 b)
981 4083 1094 4123 aperuere
1116 4084 1169 4114 sese
1187 4097 1215 4106 -
1232 4076 1331 4117 obtulere
1344 4075 1359 4112 1.
1400 4086 1402 4121 ι

256 4125 279 4238 0))
290 4134 343 4227 poslel
356 4129 406 4226 apd.
496 4127 519 4181 d)
536 4130 562 4182 V,
579 4132 603 4170 in
619 4132 674 4173 abac.
766 4131 787 4183 e)
805 4132 833 4172 ab
854 4132 958 4172 hostibus
980 4133 999 4173 1.
1090 4129 1331 4184 Osupeuternendcs
1344 4134 1360 4174 1.
1400 4126 1402 4159 Ι

255 4197 270 4235 g
294 4199 325 4227 mr
345 4198 357 4228 e
389 4217 395 4229 .

328 4317 357 4387 1)
378 4320 453 4373 silva
473 4321 505 4371 ab
526 4321 666 4373 occidente
680 4321 802 4374 Virduni.
