2820 4824
211 400 281 453 vm
451 398 605 449 RICHERI
623 397 873 449 HISTORIARUM
891 399 994 449 LIBRI
1012 398 1080 451 1111.

104 567 408 646 ‘cassamentum
432 567 519 649 quod
534 589 600 630 uon
615 566 708 630 semel
729 569 764 629 *a
779 565 966 630 Hotoman
988 567 1149 648 recedens,
1172 570 1210 631 in
1234 569 1331 635 bello·

214 674 288 715 rum
310 651 526 734 descriptione
546 659 604 713 aut
621 663 842 736 permapnos1
866 661 923 713 aut
944 649 1042 714 multo
1064 653 1206 736 majores
1229 676 1333 738 quam

213 733 399 800 Bladoardo
421 743 495 797 teste
517 736 686 798 novimus²
710 742 937 818 pupnatorum
967 743 1027 797 aut
1057 737 1236 799 occisorum
1266 761 1330 800 nu-

213 840 316 882 meros
344 840 379 881 re
397 827 453 898 ert,
484 818 571 903 quod
593 815 701 882 Gallis
729 820 900 882 victoriam
922 820 1137 882 immeritam³
1167 819 1331 902 attribuit,

213 905 308 966 immo
344 948 345 951 ,
382 901 563 964 odoardum
596 901 745 965 undecim
778 901 883 964 millia
915 910 1069 965 trecentos
1097 903 1332 988 quadrapinta

214 988 356 1072 quinque
383 987 420 1048 in
444 993 543 1069 parte
565 985 718 1066 Rotberti,
746 987 783 1048 in
807 994 907 1069 parte
929 985 1048 1049 Karoli
1076 995 1192 1069 septem
1218 987 1328 1053 millia

214 1078 387 1134 contumel
408 1067 636 1154 duodevipinti
657 1092 768 1133 caesos
790 1070 961 1152 scripsisse
984 1070 1099 1149 dicit4,
1130 1069 1187 1132 ubi
1208 1068 1329 1135 blodo-

214 1154 292 1217 ardi
313 1154 437 1218 codices
452 1162 481 1216 et
495 1153 652 1216 editiones
669 1162 797 1216 omnes⁵
820 1154 956 1216 nonnisi
977 1153 1055 1216 laec
1077 1153 1195 1216 verba:
1218 1152 1329 1219 multis

214 1257 255 1300 ex
276 1245 410 1322 utraque
428 1244 519 1320 parte
535 1235 722 1300 cadentibus
743 1236 863 1321 lepunt.
910 1235 1004 1308 Quod
1019 1245 1055 1299 ut
1069 1237 1200 1299 veritati
1216 1247 1330 1321 aperte

214 1323 417 1385 contrarium
432 1342 489 1383 nec
504 1319 574 1382 ulla
589 1321 796 1382 eoccusatione
820 1319 1041 1400 obvelandum,
1064 1321 1112 1382 ita
1133 1320 1198 1383 leve
1220 1330 1330 1385 tamen

213 1407 329 1468 vitium
350 1403 522 1482 videbitur,
545 1404 575 1464 si
597 1401 700 1464 alium
721 1401 825 1466 locum
845 1405 1017 1483 intuearis,
1040 1426 1103 1487 quo
1119 1426 1151 1466 se
1170 1406 1207 1467 in
1229 1403 1330 1469 liceu-

214 1490 293 1550 tiam
307 1489 378 1549 viro
394 1487 549 1566 candido,
571 1484 698 1569 qualem
717 1486 931 1550 historiarum
946 1490 1133 1571 scriptorem
1148 1509 1215 1550 esse
1231 1488 1328 1570 decet,

209 1569 313 1653 plane
335 1569 520 1654 indipnam,
543 1569 697 1652 partium
724 1569 832 1633 studio
853 1579 882 1633 et
902 1573 1047 1634 vanitate
1069 1571 1181 1654 abripi
1197 1594 1328 1656 passus

215 1662 269 1719 est.
313 1652 403 1716 Nam
424 1675 497 1716 cum
520 1674 537 1715 o
562 1654 612 1716 eri
634 1653 679 1716 ad
691 1652 795 1733 finem
809 1663 967 1737 perducto
990 1654 1166 1718 secundam
1192 1678 1329 1719 manum

216 1735 406 1818 admoveret,
435 1757 505 1799 eam
538 1736 603 1799 ibri
624 1738 732 1820 primi
786 1746 895 1818 artem,
926 1761 1009 1823 quae
1031 1738 1186 1803 derebus
1208 1739 1330 1803 Karol'

216 1841 288 1883 cum
308 1818 369 1882 Bel
393 1821 422 1882 is
448 1828 477 1882 et
506 1819 586 1883 duce
612 1841 722 1884 eorum
745 1760 920 1886 dlectoeno
954 1824 1034 1906 opit,
1067 1825 1115 1885 ita
1147 1831 1329 1888 retractare

216 1924 282 1965 non
304 1842 442 1982 eruduit,
464 1911 499 1965 ut
519 1901 673 1988 Belpicae
694 1904 761 1968 loco
784 1903 996 1968 Germaniam
1017 1915 1046 1968 et
1061 1927 1128 1989 pro
1152 1903 1330 1970 Giselberto

216 1987 411 2050 Heinricum
443 1987 602 2067 scriberet,
635 2010 698 2072 quo
730 1988 851 2052 scilicet
885 1987 1095 2052 Germaniam
1131 1987 1256 2052 Karolo
1294 2013 1330 2054 eo

215 2078 354 2154 tempore
386 2070 561 2157 subjectam
583 2071 696 2155 fuisse
728 2073 896 2136 simularet
902 2095 914 2154 ;
952 2073 1038 2156 quod
1066 2073 1106 2135 ab
1129 2073 1329 2138 Elclsebardo

220 2154 429 2238 Uraupiensi,
451 2156 510 2238 qui
531 2164 677 2218 nostrum
699 2155 867 2237 evolverat,
896 2166 1068 2240 receptum,
1097 2178 1168 2219 cum
1190 2155 1328 2240 reliquis

215 2239 360 2302 omnibus
381 2241 572 2303 testimoniis
598 2249 808 2325 repupnaret,
841 2240 886 2303 ad
915 2249 1028 2304 nostra
1053 2261 1153 2324 usque
1179 2247 1328 2322 tempora

214 2322 405 2407 scrupulum
427 2323 538 2386 saltem
560 2324 726 2387 historicis
747 2326 783 2387 in
794 2325 870 2404 ecit,
900 2347 957 2387 nec
980 2325 1047 2387 uisi
1070 2324 1254 2386 authentico
1277 2346 1328 2386 re-

209 2415 304 2490 perto
336 2404 501 2490 explicari
526 2410 646 2490 potuit.
702 2347 835 2471 Talibus
867 2407 1044 2472 Riclcerum
1069 2408 1206 2490 patriae
1238 2407 1331 2470 ultra

237 2512 313 2552 uam
331 2488 425 2570 ferri
446 2498 551 2572 potest
572 2491 752 2553 studiosum
774 2500 802 2553 et
822 2513 929 2554 vanae
950 2489 1086 2575 pieriae,
1115 2513 1198 2575 pisae
1219 2490 1269 2552 vel
1290 2493 1329 2554 in

214 2512 419 2654 btapoteonts
452 2573 599 2635 nuntiis⁶
632 2574 894 2656 indipnationem
931 2595 979 2656 po
1005 2575 1133 2637 ulorum
1174 2575 1330 2656 incurrit,

215 2655 359 2718 deditum
387 2656 521 2738 cooperti,
554 2655 584 2717 si
609 2663 708 2718 totum
738 2677 821 2738 opus
849 2665 940 2720 caute
969 2597 1148 2741 lipendum,
1181 2680 1238 2719 nec
1261 2658 1329 2721 ullo

215 2739 285 2822 ejus
306 2737 374 2801 loco
397 2740 471 2809 nisi
476 2737 710 2819 fundamentis
725 2741 795 2823 ejus
810 2741 886 2803 bene
895 2743 1076 2824 perspectis
1092 2740 1246 2802 utendum
1262 2763 1331 2807 esse

215 2843 386 2903 censemus,
416 2822 501 2885 nibil
530 2821 618 2884 ultra
640 2824 768 2907 justum
789 2833 818 2886 et
838 2845 948 2887 verum
970 2834 1108 2886 statuere
1134 2823 1329 2889 videbimur.

214 2905 258 2967 Et
278 2904 328 2968 vel
343 2906 467 2988 primis
495 2904 588 2969 libris
609 2915 744 2988 praeter
765 2930 805 2970 ea
826 2931 909 2993 quae
930 2906 1112 2971 Flodoardi
1135 2911 1328 2972 auctoritate

214 2990 366 3052 nituntur
374 2988 481 3072 plura
496 2998 604 3052 nostro
614 2991 762 3073 propria
775 2993 890 3072 inesse,
934 2991 1030 3055 uibus
1037 2990 1141 3072 fidem
1151 3001 1327 3075 praestare

204 3069 269 3155 fas
292 3072 343 3150 sit,
365 3072 449 3135 ultro
462 3071 588 3155 fateor.
632 3073 795 3137 Pertinere
817 3097 852 3138 eo
874 3015 1027 3139 videntur
1042 3076 1181 3139 historia
1202 3073 1327 3138 Odonis

215 3157 313 3239 repis,
322 3155 506 3238 praecipue
520 3158 673 3221 narratio
688 3158 727 3221 de
740 3161 879 3224 victoria
895 3160 989 3244 apud
1000 3157 1327 3237 MontemPanclci'1,

213 3237 286 3303 licet
312 3239 407 3302 nulla
435 3241 506 3323 ejus
528 3241 564 3303 in
587 3241 765 3305 annalibus
790 3243 984 3323 Vedastinis,
1005 3243 1135 3306 Abbone
1156 3240 1205 3305 vel
1225 3241 1325 3326 Ropi-

214 3345 298 3387 none
320 3324 436 3387 mentio
460 3332 621 3404 occurrat,
641 3329 679 3390 in
694 3326 834 3391 bistoria
848 3327 969 3391 Karoli
990 3335 1019 3390 et
1033 3325 1168 3406 Rodulfl
1189 3327 1326 3388 notitiae

214 3408 253 3472 de
274 3407 370 3471 rebus
391 3404 561 3490 Belpicis⁸
582 3429 622 3470 evo
644 3411 778 3495 antiquo
798 3410 896 3494 fonte
927 3411 1104 3490 derivatae,
1136 3409 1192 3471 sed
1220 3430 1326 3491 supra

215 3491 467 3555 adulterationis
496 3499 635 3572 notatae,
666 3495 874 3558 narrationes
901 3494 940 3557 de
963 3493 1158 3578 Hapanone,
1186 3492 1224 3555 de
1246 3513 1324 3575 cap-

213 3577 299 3639 tione
320 3572 475 3654 Karali⁰,
498 3575 537 3637 de
558 3575 1003 3657 rebusNortmannorum10,
1026 3586 1055 3641 et
1070 3598 1186 3660 pauca
1210 3574 1326 3654 alia¹¹,

289 3706 316 3774 1)
337 3724 360 3758 e.
374 3725 400 3774 g.
414 3709 437 3769 Ι,
452 3709 495 3760 62.
514 3709 601 3774 8000;
620 3711 642 3771 I,
657 3711 701 3760 44.
721 3713 806 3776 primo
825 3712 897 3762 5000
917 3713 1031 3778 scripsit,
1050 3720 1106 3762 tum
1127 3711 1206 3773 6000,
1227 3708 1326 3760 deinde

215 3781 313 3832 10000.
388 3778 418 3848 2)
436 3784 456 3845 Ι,
476 3783 519 3834 49.
543 3783 603 3849 plus
623 3800 701 3849 quam
722 3783 774 3832 800
794 3784 971 3845 Flodoardus,
991 3786 1044 3835 960
1064 3785 1208 3845 Richerns3
1238 3783 1260 3844 I,
1280 3782 1325 3834 51.

213 3854 380 3905 Flodoardne
409 3856 495 3920 1100,
526 3857 656 3907 Rioherue
684 3855 770 3919 8000;
808 3859 851 3922 II,
880 3858 923 3912 85.
953 3860 1037 3910 oeoiei
1073 3857 1133 3924 plue
1162 3872 1241 3922 quam
1271 3855 1325 3904 560

213 3927 351 3987 Rivherus‚
379 3930 556 3996 quadraginta
584 3931 661 3983 Flod.
680 3930 806 3982 Annales.
897 3930 927 3997 3)
946 3933 970 3993 Ι,
990 3933 1034 3981 49.
1061 3931 1174 3981 victoria
1194 3929 1227 3978 de
1246 3929 1325 3977 Nort-

213 4001 316 4051 mannis
334 4008 476 4068 reportata,
497 4009 642 4055 castrorum
660 4005 789 4063 incensio,
809 4005 880 4056 3000
900 4006 1058 4056 Nortmnnni
1077 4004 1160 4054 occisi
1172 4000 1325 4052 Flodoardo

212 4079 369 4138 repugnant
436 4073 465 4140 4)
485 4076 508 4136 Ι,
528 4077 571 4127 46.
638 4074 667 4143 5)
687 4093 712 4128 a.
733 4077 794 4128 923.
814 4078 932 4128 Alteram
952 4077 1098 4128 Flodoardi
1118 4077 1262 4127 editionem
1281 4074 1325 4124 vel

153 4136 160 4151 ’
213 4145 286 4195 aliud
304 4146 415 4198 fortasse
435 4150 492 4199 eius
511 4165 577 4215 opus
595 4149 672 4200 nobis
690 4150 854 4215 incognitum
873 4152 917 4201 hic
940 4152 1049 4202 minime
1072 4152 1100 4200 in
1121 4149 1252 4200 caleulum
1278 4162 1324 4196 ve-

213 4219 270 4267 nire
289 4234 375 4283 posse,
394 4236 463 4286 quae
476 4226 621 4286 sequuntur
635 4221 823 4272 demonstrant.
900 4221 935 4288 6)7
948 4221 1077 4274 boiletum.
1135 4224 1163 4289 ⁷)
1183 4223 1206 4281 Ι,
1226 4221 1324 4270 4-13.

213 4287 285 4427 0))1,
302 4291 345 4341 20.
361 4293 403 4342 23.
417 4293 461 4343 24.
475 4293 520 4344 34.
533 4293 595 4342 35-
607 4294 651 4343 41.
705 4292 733 4358 9)
752 4294 775 4355 I,
797 4295 912 4346 14-16.
933 4296 976 4348 21.
997 4297 1041 4346 22.
1099 4295 1147 4361 10)
1166 4297 1188 4359 Ι,
1208 4295 1324 4345 28-33.

215 4361 246 4409 11
282 4377 305 4413 e.
323 4378 350 4427 g.
369 4364 392 4426 l,
414 4365 457 4415 63.
1260 4413 1262 4416 ,
