<?xml version="1.0" encoding="UTF-8"?>
<!DOCTYPE html PUBLIC "-//W3C//DTD XHTML 1.0 Transitional//EN"
    "http://www.w3.org/TR/xhtml1/DTD/xhtml1-transitional.dtd">
<html xmlns="http://www.w3.org/1999/xhtml" xml:lang="en" lang="en">
 <head>
  <title>
</title>
<meta http-equiv="Content-Type" content="text/html;charset=utf-8" />
  <meta name='ocr-system' content='tesseract 3.04.00' />
  <meta name='ocr-capabilities' content='ocr_page ocr_carea ocr_par ocr_line ocrx_word'/>
</head>
<body>
  <div class='ocr_page' id='page_1' title='image "./richerihistoria01richgoog_0058.png"; bbox 0 0 2820 4824; ppageno 0'>
   <div class='ocr_carea' id='block_1_1' title="bbox 352 382 1211 438">
    <p class='ocr_par' dir='ltr' id='par_1_1' title="bbox 352 382 1211 438">
     <span class='ocr_line' id='line_1_1' title="bbox 352 382 1211 438; baseline 0.003 -5"><span class='ocrx_word' id='word_1_1' title='bbox 352 382 505 434; x_wconf 80' lang='lat' dir='ltr'><strong>RICHERI</strong></span> <span class='ocrx_word' id='word_1_2' title='bbox 524 383 776 436; x_wconf 77' lang='lat' dir='ltr'><strong>HISTORIARUM</strong></span> <span class='ocrx_word' id='word_1_3' title='bbox 796 384 907 435; x_wconf 82' lang='lat' dir='ltr'><strong>LIBER</strong></span> <span class='ocrx_word' id='word_1_4' title='bbox 925 385 964 436; x_wconf 84' lang='lat'>11.</span> <span class='ocrx_word' id='word_1_5' title='bbox 1176 388 1211 438; x_wconf 79' lang='lat'>39</span> 
     </span>
    </p>
   </div>
   <div class='ocr_carea' id='block_1_2' title="bbox 77 549 1322 1223">
    <p class='ocr_par' dir='ltr' id='par_1_2' title="bbox 77 549 1322 1138">
     <span class='ocr_line' id='line_1_2' title="bbox 97 549 1273 638; baseline 0.002 -24"><span class='ocrx_word' id='word_1_6' title='bbox 97 558 234 618; x_wconf 89' lang='lat' dir='ltr'>secutus.</span> <span class='ocrx_word' id='word_1_7' title='bbox 268 550 350 614; x_wconf 89' lang='lat' dir='ltr'>Nam</span> <span class='ocrx_word' id='word_1_8' title='bbox 366 571 439 614; x_wconf 91' lang='lat' dir='ltr'>cum</span> <span class='ocrx_word' id='word_1_9' title='bbox 453 549 628 613; x_wconf 84' lang='lat' dir='ltr'><strong>autumnali</strong></span> <span class='ocrx_word' id='word_1_10' title='bbox 643 559 787 636; x_wconf 90' lang='lat' dir='ltr'>tempore</span> <span class='ocrx_word' id='word_1_11' title='bbox 805 549 1013 615; x_wconf 74' lang='lat' dir='ltr'>melancoliaa</span> <span class='ocrx_word' id='word_1_12' title='bbox 1035 551 1069 614; x_wconf 89' lang='lat' dir='ltr'>in</span> <span class='ocrx_word' id='word_1_13' title='bbox 1092 554 1273 638; x_wconf 71' lang='lat' dir='ltr'>parion-as.</span> 
     </span>
     <span class='ocr_line' id='line_1_3' title="bbox 96 632 1210 720; baseline 0.001 -22"><span class='ocrx_word' id='word_1_14' title='bbox 96 635 181 698; x_wconf 88' lang='lat' dir='ltr'>tibus</span> <span class='ocrx_word' id='word_1_15' title='bbox 203 633 410 715; x_wconf 83' lang='lat' dir='ltr'>redundaret,</span> <span class='ocrx_word' id='word_1_16' title='bbox 440 634 626 716; x_wconf 84' lang='lat' dir='ltr'><strong>cacocexia,</strong></span> <span class='ocrx_word' id='word_1_17' title='bbox 656 634 742 720; x_wconf 89' lang='lat' dir='ltr'>quod</span> <span class='ocrx_word' id='word_1_18' title='bbox 768 634 876 698; x_wconf 90' lang='lat' dir='ltr'>Latini</span> <span class='ocrx_word' id='word_1_19' title='bbox 902 632 1020 698; x_wconf 91' lang='lat' dir='ltr'>malam</span> <span class='ocrx_word' id='word_1_20' title='bbox 1047 637 1210 720; x_wconf 73' lang='lat' dir='ltr'>corporisl</span> 
     </span>
     <span class='ocr_line' id='line_1_4' title="bbox 96 717 1211 804; baseline 0.004 -24"><span class='ocrx_word' id='word_1_21' title='bbox 96 717 314 782; x_wconf 79' lang='lat' dir='ltr'>habitudinem</span> <span class='ocrx_word' id='word_1_22' title='bbox 343 719 463 798; x_wconf 86' lang='lat' dir='ltr'>dicunt,</span> <span class='ocrx_word' id='word_1_23' title='bbox 496 727 561 782; x_wconf 90' lang='lat' dir='ltr'>toto</span> <span class='ocrx_word' id='word_1_24' title='bbox 584 726 736 782; x_wconf 90' lang='lat' dir='ltr'>autumno</span> <span class='ocrx_word' id='word_1_25' title='bbox 766 719 911 784; x_wconf 87' lang='lat' dir='ltr'>detentus</span> <span class='ocrx_word' id='word_1_26' title='bbox 933 728 990 783; x_wconf 91' lang='lat' dir='ltr'>est.</span> <span class='ocrx_word' id='word_1_27' title='bbox 1033 719 1211 804; x_wconf 89' lang='lat' dir='ltr'>Victusque</span> 
     </span>
     <span class='ocr_line' id='line_1_5' title="bbox 96 800 1272 887; baseline 0 -23"><span class='ocrx_word' id='word_1_28' title='bbox 96 800 238 865; x_wconf 93' lang='lat' dir='ltr'>humoris</span> <span class='ocrx_word' id='word_1_29' title='bbox 261 801 486 887; x_wconf 87' lang='lat' dir='ltr'>superfluitate,</span> <span class='ocrx_word' id='word_1_30' title='bbox 514 801 630 866; x_wconf 81' lang='lat' dir='ltr'>defecit</span> <span class='ocrx_word' id='word_1_31' title='bbox 657 802 818 866; x_wconf 91' lang='lat' dir='ltr'>hominem</span> <span class='ocrx_word' id='word_1_32' title='bbox 841 824 881 866; x_wconf 92' lang='lat' dir='ltr'>ue</span> <span class='ocrx_word' id='word_1_33' title='bbox 908 803 1019 866; x_wconf 84' lang='lat' dir='ltr'>exivit.</span> <span class='ocrx_word' id='word_1_34' title='bbox 1068 802 1107 866; x_wconf 94' lang='lat' dir='ltr'>In</span> <span class='ocrx_word' id='word_1_35' title='bbox 1128 802 1272 867; x_wconf 77' lang='lat' dir='ltr'>basi-sao.</span> 
     </span>
     <span class='ocr_line' id='line_1_6' title="bbox 96 882 1322 970; baseline 0.003 -24"><span class='ocrx_word' id='word_1_36' title='bbox 96 883 157 948; x_wconf 91' lang='lat' dir='ltr'>lica</span> <span class='ocrx_word' id='word_1_37' title='bbox 179 896 307 950; x_wconf 90' lang='lat' dir='ltr'>sanctae</span> <span class='ocrx_word' id='word_1_38' title='bbox 341 884 516 950; x_wconf 78' lang='lat' dir='ltr'>Columbae</span> <span class='ocrx_word' id='word_1_39' title='bbox 547 885 681 970; x_wconf 86' lang='lat' dir='ltr'>virginis</span> <span class='ocrx_word' id='word_1_40' title='bbox 713 886 799 970; x_wconf 92' lang='lat' dir='ltr'>apud</span> <span class='ocrx_word' id='word_1_41' title='bbox 857 906 975 949; x_wconf 89' lang='lat' dir='ltr'>enonas</span> <span class='ocrx_word' id='word_1_42' title='bbox 1007 885 1107 950; x_wconf 90' lang='lat' dir='ltr'>multa</span> <span class='ocrx_word' id='word_1_43' title='bbox 1134 882 1269 950; x_wconf 73' lang='lat' dir='ltr'>ami-¹⁸¹¹·</span> <span class='ocrx_word' id='word_1_44' title='bbox 1287 882 1322 922; x_wconf 74' lang='lat'>¹4·</span> 
     </span>
     <span class='ocr_line' id='line_1_7' title="bbox 77 968 1212 1114; baseline 0.003 -83"><span class='ocrx_word' id='word_1_45' title='bbox 77 990 206 1050; x_wconf 29' lang='lat' dir='ltr'>,corum</span> <span class='ocrx_word' id='word_1_46' title='bbox 228 970 388 1034; x_wconf 83' lang='lat' dir='ltr'>attritione</span> <span class='ocrx_word' id='word_1_47' title='bbox 411 989 604 1053; x_wconf 90' lang='lat' dir='ltr'>suorumque</span> <span class='ocrx_word' id='word_1_48' title='bbox 626 969 779 1114; x_wconf 76' lang='lat' dir='ltr'>obsequio</span> <span class='ocrx_word' id='word_1_49' title='bbox 801 968 1003 1033; x_wconf 86' lang='lat' dir='ltr'>tumulatur1.</span> <span class='ocrx_word' id='word_1_50' title='bbox 1046 969 1098 1034; x_wconf 93' lang='lat' dir='ltr'>De</span> <span class='ocrx_word' id='word_1_51' title='bbox 1120 972 1212 1056; x_wconf 88' lang='lat' dir='ltr'>regni</span> 
     </span>
     <span class='ocr_line' id='line_1_8' title="bbox 97 1050 1211 1138; baseline 0.003 -23"><span class='ocrx_word' id='word_1_52' title='bbox 97 1054 381 1118; x_wconf 87' lang='lat' dir='ltr'>amministratione</span> <span class='ocrx_word' id='word_1_53' title='bbox 402 1050 482 1114; x_wconf 90' lang='lat' dir='ltr'>nihil</span> <span class='ocrx_word' id='word_1_54' title='bbox 504 1051 670 1135; x_wconf 89' lang='lat' dir='ltr'>disposuit.</span> <span class='ocrx_word' id='word_1_55' title='bbox 734 1060 748 1115; x_wconf 92' lang='lat' dir='ltr'>t</span> <span class='ocrx_word' id='word_1_56' title='bbox 769 1052 957 1135; x_wconf 89' lang='lat' dir='ltr'>primatibus</span> <span class='ocrx_word' id='word_1_57' title='bbox 980 1074 1052 1116; x_wconf 89' lang='lat' dir='ltr'>eam</span> <span class='ocrx_word' id='word_1_58' title='bbox 1073 1053 1211 1138; x_wconf 90' lang='lat' dir='ltr'>reliquit,</span> 
     </span>
    </p>

    <p class='ocr_par' dir='ltr' id='par_1_3' title="bbox 97 1132 1210 1223">
     <span class='ocr_line' id='line_1_9' title="bbox 97 1132 1210 1223; baseline 0.001 -23"><span class='ocrx_word' id='word_1_59' title='bbox 97 1159 134 1201; x_wconf 90' lang='lat' dir='ltr'>eo</span> <span class='ocrx_word' id='word_1_60' title='bbox 151 1137 237 1223; x_wconf 93' lang='lat' dir='ltr'>quod</span> <span class='ocrx_word' id='word_1_61' title='bbox 259 1135 340 1200; x_wconf 91' lang='lat' dir='ltr'>filios</span> <span class='ocrx_word' id='word_1_62' title='bbox 362 1156 428 1199; x_wconf 91' lang='lat' dir='ltr'>non</span> <span class='ocrx_word' id='word_1_63' title='bbox 447 1132 604 1216; x_wconf 87' lang='lat' dir='ltr'>habuerit,</span> <span class='ocrx_word' id='word_1_64' title='bbox 628 1135 684 1219; x_wconf 89' lang='lat' dir='ltr'>qui</span> <span class='ocrx_word' id='word_1_65' title='bbox 703 1155 874 1220; x_wconf 85' lang='lat' dir='ltr'>regnorum</span> <span class='ocrx_word' id='word_1_66' title='bbox 895 1156 1001 1199; x_wconf 90' lang='lat' dir='ltr'>rerum</span> <span class='ocrx_word' id='word_1_67' title='bbox 1023 1137 1210 1220; x_wconf 87' lang='lat' dir='ltr'>potirentur.</span> 
     </span>
    </p>
   </div>
   <div class='ocr_carea' id='block_1_3' title="bbox 349 1317 1327 1404">
    <p class='ocr_par' dir='ltr' id='par_1_4' title="bbox 349 1317 1327 1404">
     <span class='ocr_line' id='line_1_10' title="bbox 349 1317 1327 1404; baseline 0.005 -5"><span class='ocrx_word' id='word_1_68' title='bbox 349 1335 690 1400; x_wconf 71' lang='lat' dir='ltr'>*incurramus</span> <span class='ocrx_word' id='word_1_69' title='bbox 713 1335 960 1401; x_wconf 81' lang='lat' dir='ltr'>sncuuous.</span> <span class='ocrx_word' id='word_1_70' title='bbox 1092 1394 1093 1397; x_wconf 5' lang='grc' dir='ltr'>γ</span> <span class='ocrx_word' id='word_1_71' title='bbox 1162 1317 1165 1323; x_wconf 83' lang='grc'><strong>’</strong></span> <span class='ocrx_word' id='word_1_72' title='bbox 1218 1356 1274 1402; x_wconf 61' lang='lat' dir='ltr'>a</span> <span class='ocrx_word' id='word_1_73' title='bbox 1290 1358 1327 1404; x_wconf 57' lang='grc' dir='ltr'>η.</span> 
     </span>
    </p>
   </div>
   <div class='ocr_carea' id='block_1_4' title="bbox 231 1455 1073 1541">
    <p class='ocr_par' dir='ltr' id='par_1_5' title="bbox 231 1455 1073 1541">
     <span class='ocr_line' id='line_1_11' title="bbox 231 1455 1073 1541; baseline 0 -21"><span class='ocrx_word' id='word_1_74' title='bbox 231 1461 258 1520; x_wconf 91' lang='grc'>1.</span> <span class='ocrx_word' id='word_1_75' title='bbox 293 1455 476 1521; x_wconf 77' lang='lat' dir='ltr'>Gallorum⁰</span> <span class='ocrx_word' id='word_1_76' title='bbox 498 1455 702 1520; x_wconf 79' lang='lat' dir='ltr'>deliberatio⁰</span> <span class='ocrx_word' id='word_1_77' title='bbox 723 1457 763 1521; x_wconf 90' lang='lat' dir='ltr'>de</span> <span class='ocrx_word' id='word_1_78' title='bbox 784 1469 881 1541; x_wconf 81' lang='lat' dir='ltr'>rege⁰</span> <span class='ocrx_word' id='word_1_79' title='bbox 904 1457 1041 1522; x_wconf 88' lang='lat' dir='ltr'>creando</span> <span class='ocrx_word' id='word_1_80' title='bbox 1052 1470 1073 1520; x_wconf 81' lang='lat'>⁰.</span> 
     </span>
    </p>
   </div>
   <div class='ocr_carea' id='block_1_5' title="bbox 97 1557 1213 1790">
    <p class='ocr_par' dir='ltr' id='par_1_6' title="bbox 97 1557 1213 1790">
     <span class='ocr_line' id='line_1_12' title="bbox 181 1557 1213 1656; baseline 0.002 -34"><span class='ocrx_word' id='word_1_81' title='bbox 181 1560 259 1623; x_wconf 87' lang='lat' dir='ltr'>Post</span> <span class='ocrx_word' id='word_1_82' title='bbox 287 1560 378 1622; x_wconf 89' lang='lat' dir='ltr'>cuius</span> <span class='ocrx_word' id='word_1_83' title='bbox 407 1559 561 1656; x_wconf 82' lang='lat' dir='ltr'>exequias</span> <span class='ocrx_word' id='word_1_84' title='bbox 594 1559 757 1656; x_wconf 79' lang='lat' dir='ltr'>principes</span> <span class='ocrx_word' id='word_1_85' title='bbox 790 1558 824 1620; x_wconf 94' lang='lat' dir='ltr'>in</span> <span class='ocrx_word' id='word_1_86' title='bbox 857 1557 983 1622; x_wconf 90' lang='lat' dir='ltr'>diversa</span> <span class='ocrx_word' id='word_1_87' title='bbox 1012 1558 1213 1624; x_wconf 82' lang='lat' dir='ltr'>ducebantur</span> 
     </span>
     <span class='ocr_line' id='line_1_13' title="bbox 97 1640 1212 1790; baseline 0 -84"><span class='ocrx_word' id='word_1_88' title='bbox 97 1641 255 1790; x_wconf 59' lang='lat' dir='ltr'>finemque</span> <span class='ocrx_word' id='word_1_89' title='bbox 276 1643 428 1729; x_wconf 88' lang='lat' dir='ltr'>petebant</span> <span class='ocrx_word' id='word_1_90' title='bbox 448 1664 582 1706; x_wconf 84' lang='lat' dir='ltr'>varrum.</span> <span class='ocrx_word' id='word_1_91' title='bbox 626 1640 711 1706; x_wconf 81' lang='lat' dir='ltr'>Galli</span> <span class='ocrx_word' id='word_1_92' title='bbox 732 1663 870 1727; x_wconf 89' lang='lat' dir='ltr'>namque</span> <span class='ocrx_word' id='word_1_93' title='bbox 887 1640 997 1706; x_wconf 76' lang='lat' dir='ltr'>Celtae</span> <span class='ocrx_word' id='word_1_94' title='bbox 1019 1664 1093 1706; x_wconf 88' lang='lat' dir='ltr'>cum</span> <span class='ocrx_word' id='word_1_95' title='bbox 1113 1643 1212 1729; x_wconf 92' lang='lat' dir='ltr'>Aqui-</span> 
     </span>
    </p>
   </div>
   <div class='ocr_carea' id='block_1_6' title="bbox 94 1723 1325 2563">
    <p class='ocr_par' dir='ltr' id='par_1_7' title="bbox 94 1723 1325 2479">
     <span class='ocr_line' id='line_1_14' title="bbox 95 1723 1213 1811; baseline 0 -21"><span class='ocrx_word' id='word_1_96' title='bbox 95 1728 178 1790; x_wconf 88' lang='lat' dir='ltr'>tanis</span> <span class='ocrx_word' id='word_1_97' title='bbox 227 1749 374 1811; x_wconf 84' lang='lat' dir='ltr'>ugonem,</span> <span class='ocrx_word' id='word_1_98' title='bbox 394 1726 537 1792; x_wconf 87' lang='lat' dir='ltr'>Rotberti</span> <span class='ocrx_word' id='word_1_99' title='bbox 555 1727 640 1811; x_wconf 86' lang='lat' dir='ltr'>regis</span> <span class='ocrx_word' id='word_1_100' title='bbox 658 1724 769 1806; x_wconf 89' lang='lat' dir='ltr'>filiurn,</span> <span class='ocrx_word' id='word_1_101' title='bbox 784 1723 903 1809; x_wconf 85' lang='lat' dir='ltr'>Belgae</span> <span class='ocrx_word' id='word_1_102' title='bbox 917 1747 994 1790; x_wconf 87' lang='lat' dir='ltr'>vero</span> <span class='ocrx_word' id='word_1_103' title='bbox 1009 1725 1213 1811; x_wconf 88' lang='lat' dir='ltr'>Ludovicum</span> 
     </span>
     <span class='ocr_line' id='line_1_15' title="bbox 94 1809 1212 1896; baseline 0 -21"><span class='ocrx_word' id='word_1_104' title='bbox 94 1809 207 1875; x_wconf 89' lang='lat' dir='ltr'>Karoli</span> <span class='ocrx_word' id='word_1_105' title='bbox 233 1811 457 1896; x_wconf 87' lang='lat' dir='ltr'>sequebantur.</span> <span class='ocrx_word' id='word_1_106' title='bbox 498 1809 645 1889; x_wconf 76' lang='lat' dir='ltr'>Quorum</span> <span class='ocrx_word' id='word_1_107' title='bbox 667 1811 771 1872; x_wconf 91' lang='lat' dir='ltr'>neutri</span> <span class='ocrx_word' id='word_1_108' title='bbox 795 1809 1004 1873; x_wconf 84' lang='lat' dir='ltr'>commoditas</span> <span class='ocrx_word' id='word_1_109' title='bbox 1028 1809 1141 1874; x_wconf 85' lang='lat' dir='ltr'>aderat</span> <span class='ocrx_word' id='word_1_110' title='bbox 1164 1833 1212 1875; x_wconf 91' lang='lat' dir='ltr'>re-</span> 
     </span>
     <span class='ocr_line' id='line_1_16' title="bbox 94 1890 1212 1978; baseline 0.002 -21"><span class='ocrx_word' id='word_1_111' title='bbox 94 1894 230 1978; x_wconf 84' lang='lat' dir='ltr'>gnandi,</span> <span class='ocrx_word' id='word_1_112' title='bbox 258 1916 330 1958; x_wconf 89' lang='lat' dir='ltr'>cum</span> <span class='ocrx_word' id='word_1_113' title='bbox 345 1895 442 1978; x_wconf 85' lang='lat' dir='ltr'>Hugo</span> <span class='ocrx_word' id='word_1_114' title='bbox 464 1903 588 1978; x_wconf 90' lang='lat' dir='ltr'>patrem</span> <span class='ocrx_word' id='word_1_115' title='bbox 604 1894 644 1958; x_wconf 91' lang='lat' dir='ltr'>ob</span> <span class='ocrx_word' id='word_1_116' title='bbox 659 1890 859 1957; x_wconf 84' lang='lat' dir='ltr'>insolentiam</span> <span class='ocrx_word' id='word_1_117' title='bbox 900 1893 1008 1957; x_wconf 89' lang='lat' dir='ltr'>eriisse</span> <span class='ocrx_word' id='word_1_118' title='bbox 1030 1895 1212 1959; x_wconf 91' lang='lat' dir='ltr'>reminisce-</span> 
     </span>
     <span class='ocr_line' id='line_1_17' title="bbox 95 1915 1212 2062; baseline 0 -20"><span class='ocrx_word' id='word_1_119' title='bbox 95 1979 190 2043; x_wconf 87' lang='lat' dir='ltr'>batur</span> <span class='ocrx_word' id='word_1_120' title='bbox 212 1989 243 2043; x_wconf 91' lang='lat' dir='ltr'>et</span> <span class='ocrx_word' id='word_1_121' title='bbox 258 1977 298 2042; x_wconf 92' lang='lat' dir='ltr'>ob</span> <span class='ocrx_word' id='word_1_122' title='bbox 313 1979 374 2042; x_wconf 88' lang='lat' dir='ltr'>hoc</span> <span class='ocrx_word' id='word_1_123' title='bbox 396 1999 530 2062; x_wconf 85' lang='lat' dir='ltr'>regnare</span> <span class='ocrx_word' id='word_1_124' title='bbox 551 1977 746 2058; x_wconf 86' lang='lat' dir='ltr'>formidaret,</span> <span class='ocrx_word' id='word_1_125' title='bbox 769 1986 801 2041; x_wconf 92' lang='lat' dir='ltr'>et</span> <span class='ocrx_word' id='word_1_126' title='bbox 815 1915 998 2040; x_wconf 73' lang='lat' dir='ltr'>Ludbvicus</span> <span class='ocrx_word' id='word_1_127' title='bbox 1018 1977 1053 2040; x_wconf 92' lang='lat' dir='ltr'>in</span> <span class='ocrx_word' id='word_1_128' title='bbox 1091 1977 1212 2042; x_wconf 90' lang='lat' dir='ltr'>artibus</span> 
     </span>
     <span class='ocr_line' id='line_1_18' title="bbox 95 2000 1212 2147; baseline 0 -22"><span class='ocrx_word' id='word_1_129' title='bbox 95 2060 251 2147; x_wconf 85' lang='lat' dir='ltr'>Anglicae</span> <span class='ocrx_word' id='word_1_130' title='bbox 273 2072 459 2143; x_wconf 90' lang='lat' dir='ltr'>moraretur,</span> <span class='ocrx_word' id='word_1_131' title='bbox 487 2083 524 2125; x_wconf 93' lang='lat' dir='ltr'>eo</span> <span class='ocrx_word' id='word_1_132' title='bbox 555 2060 642 2146; x_wconf 93' lang='lat' dir='ltr'>quod</span> <span class='ocrx_word' id='word_1_133' title='bbox 670 2058 745 2124; x_wconf 93' lang='lat' dir='ltr'>illuc</span> <span class='ocrx_word' id='word_1_134' title='bbox 771 2059 892 2124; x_wconf 91' lang='lat' dir='ltr'>delatus</span> <span class='ocrx_word' id='word_1_135' title='bbox 914 2059 1018 2124; x_wconf 91' lang='lat' dir='ltr'>infans</span> <span class='ocrx_word' id='word_1_136' title='bbox 1045 2000 1088 2124; x_wconf 77' lang='lat' dir='ltr'>ad</span> <span class='ocrx_word' id='word_1_137' title='bbox 1115 2083 1212 2125; x_wconf 91' lang='lat' dir='ltr'>avun-</span> 
     </span>
     <span class='ocr_line' id='line_1_19' title="bbox 97 2142 1213 2228; baseline -0.001 -20"><span class='ocrx_word' id='word_1_138' title='bbox 97 2145 203 2209; x_wconf 91' lang='lat' dir='ltr'>culum</span> <span class='ocrx_word' id='word_1_139' title='bbox 232 2144 442 2209; x_wconf 87' lang='lat' dir='ltr'>Adelstanum</span> <span class='ocrx_word' id='word_1_140' title='bbox 474 2167 508 2209; x_wconf 91' lang='lat' dir='ltr'>re</span> <span class='ocrx_word' id='word_1_141' title='bbox 533 2167 583 2208; x_wconf 89' lang='lat' dir='ltr'>em</span> <span class='ocrx_word' id='word_1_142' title='bbox 615 2144 710 2210; x_wconf 87' lang='lat' dir='ltr'>fuerit</span> <span class='ocrx_word' id='word_1_143' title='bbox 736 2142 783 2207; x_wconf 92' lang='lat' dir='ltr'>&#39;ob</span> <span class='ocrx_word' id='word_1_144' title='bbox 811 2143 959 2228; x_wconf 82' lang='lat' dir='ltr'>Hugonis</span> <span class='ocrx_word' id='word_1_145' title='bbox 989 2152 1020 2208; x_wconf 91' lang='lat' dir='ltr'>et</span> <span class='ocrx_word' id='word_1_146' title='bbox 1048 2144 1213 2209; x_wconf 88' lang='lat' dir='ltr'>Heriberti</span> 
     </span>
     <span class='ocr_line' id='line_1_20' title="bbox 95 2227 1325 2315; baseline -0.002 -24"><span class='ocrx_word' id='word_1_147' title='bbox 95 2230 345 2310; x_wconf 88' lang='lat' dir='ltr'>insectationem,</span> <span class='ocrx_word' id='word_1_148' title='bbox 375 2251 412 2292; x_wconf 91' lang='lat' dir='ltr'>eo</span> <span class='ocrx_word' id='word_1_149' title='bbox 435 2250 498 2313; x_wconf 91' lang='lat' dir='ltr'>quo</span> <span class='ocrx_word' id='word_1_150' title='bbox 548 2229 610 2292; x_wconf 92' lang='lat' dir='ltr'>isi</span> <span class='ocrx_word' id='word_1_151' title='bbox 638 2239 762 2315; x_wconf 88' lang='lat' dir='ltr'>patrem</span> <span class='ocrx_word' id='word_1_152' title='bbox 789 2230 857 2292; x_wconf 90' lang='lat' dir='ltr'>eius</span> <span class='ocrx_word' id='word_1_153' title='bbox 882 2227 1258 2311; x_wconf 85' lang='lat' dir='ltr'>*comprehendissent‘r·</span> <span class='ocrx_word' id='word_1_154' title='bbox 1275 2238 1325 2280; x_wconf 75' lang='lat'>⁶⁸⁷·</span> 
     </span>
     <span class='ocr_line' id='line_1_21' title="bbox 96 2249 1212 2397; baseline 0.002 -23"><span class='ocrx_word' id='word_1_155' title='bbox 96 2333 135 2376; x_wconf 88' lang='lat' dir='ltr'>ac</span> <span class='ocrx_word' id='word_1_156' title='bbox 158 2314 278 2375; x_wconf 90' lang='lat' dir='ltr'>carceri</span> <span class='ocrx_word' id='word_1_157' title='bbox 295 2313 470 2376; x_wconf 87' lang='lat' dir='ltr'>trusissent.</span> <span class='ocrx_word' id='word_1_158' title='bbox 500 2249 585 2376; x_wconf 78' lang='lat' dir='ltr'>Galli</span> <span class='ocrx_word' id='word_1_159' title='bbox 610 2313 655 2376; x_wconf 88' lang='lat' dir='ltr'>ita</span> <span class='ocrx_word' id='word_1_160' title='bbox 678 2334 717 2376; x_wconf 91' lang='lat' dir='ltr'>ue</span> <span class='ocrx_word' id='word_1_161' title='bbox 746 2313 780 2374; x_wconf 92' lang='lat' dir='ltr'>in</span> <span class='ocrx_word' id='word_1_162' title='bbox 805 2333 839 2374; x_wconf 92' lang='lat' dir='ltr'>re</span> <span class='ocrx_word' id='word_1_163' title='bbox 863 2312 889 2374; x_wconf 95' lang='lat' dir='ltr'>is</span> <span class='ocrx_word' id='word_1_164' title='bbox 911 2311 1113 2397; x_wconf 88' lang='lat' dir='ltr'>promotione</span> <span class='ocrx_word' id='word_1_165' title='bbox 1135 2310 1212 2376; x_wconf 93' lang='lat' dir='ltr'>libe-</span> 
     </span>
     <span class='ocr_line' id='line_1_22' title="bbox 97 2334 1212 2479; baseline 0.003 -22"><span class='ocrx_word' id='word_1_166' title='bbox 97 2396 196 2458; x_wconf 91' lang='lat' dir='ltr'>riores</span> <span class='ocrx_word' id='word_1_167' title='bbox 224 2393 326 2458; x_wconf 88' lang='lat' dir='ltr'>videri</span> <span class='ocrx_word' id='word_1_168' title='bbox 357 2394 548 2477; x_wconf 86' lang='lat' dir='ltr'>laborantes,</span> <span class='ocrx_word' id='word_1_169' title='bbox 568 2395 640 2463; x_wconf 20' lang='lat' dir='ltr'>,sub</span> <span class='ocrx_word' id='word_1_170' title='bbox 703 2417 808 2479; x_wconf 85' lang='lat' dir='ltr'>ugone</span> <span class='ocrx_word' id='word_1_171' title='bbox 839 2334 919 2459; x_wconf 78' lang='lat' dir='ltr'>duce</span> <span class='ocrx_word' id='word_1_172' title='bbox 941 2393 1147 2459; x_wconf 85' lang='lat' dir='ltr'>deliberatmi</span> <span class='ocrx_word' id='word_1_173' title='bbox 1172 2396 1212 2460; x_wconf 94' lang='lat' dir='ltr'>de</span> 
     </span>
    </p>

    <p class='ocr_par' dir='ltr' id='par_1_8' title="bbox 98 2476 604 2563">
     <span class='ocr_line' id='line_1_23' title="bbox 98 2476 604 2563; baseline 0.004 -23"><span class='ocrx_word' id='word_1_174' title='bbox 98 2501 173 2563; x_wconf 83' lang='lat' dir='ltr'>rege</span> <span class='ocrx_word' id='word_1_175' title='bbox 196 2478 331 2542; x_wconf 90' lang='lat' dir='ltr'>creando</span> <span class='ocrx_word' id='word_1_176' title='bbox 354 2476 478 2542; x_wconf 85' lang='lat' dir='ltr'>collecti</span> <span class='ocrx_word' id='word_1_177' title='bbox 498 2488 573 2543; x_wconf 92' lang='lat' dir='ltr'>sunt</span> <span class='ocrx_word' id='word_1_178' title='bbox 582 2490 604 2542; x_wconf 79' lang='lat'>².</span> 
     </span>
    </p>
   </div>
   <div class='ocr_carea' id='block_1_7' title="bbox 144 2597 1159 2685">
    <p class='ocr_par' dir='ltr' id='par_1_9' title="bbox 144 2597 1159 2685">
     <span class='ocr_line' id='line_1_24' title="bbox 144 2597 1159 2685; baseline 0.001 -24"><span class='ocrx_word' id='word_1_179' title='bbox 144 2599 173 2661; x_wconf 71' lang='lat'>2.</span> <span class='ocrx_word' id='word_1_180' title='bbox 209 2598 318 2662; x_wconf 91' lang='lat' dir='ltr'>Oratio</span> <span class='ocrx_word' id='word_1_181' title='bbox 340 2598 511 2684; x_wconf 82' lang='lat' dir='ltr'>Hugonisd</span> <span class='ocrx_word' id='word_1_182' title='bbox 533 2598 645 2662; x_wconf 79' lang='lat' dir='ltr'>ducisl</span> <span class='ocrx_word' id='word_1_183' title='bbox 666 2597 707 2662; x_wconf 91' lang='lat' dir='ltr'>ad</span> <span class='ocrx_word' id='word_1_184' title='bbox 731 2597 861 2663; x_wconf 74' lang='lat' dir='ltr'>Grallosd</span> <span class='ocrx_word' id='word_1_185' title='bbox 882 2619 941 2685; x_wconf 92' lang='lat' dir='ltr'>pro</span> <span class='ocrx_word' id='word_1_186' title='bbox 963 2598 1128 2664; x_wconf 88' lang='lat' dir='ltr'>Ludovico</span> <span class='ocrx_word' id='word_1_187' title='bbox 1136 2601 1159 2662; x_wconf 65' lang='lat'>1¹.</span> 
     </span>
    </p>
   </div>
   <div class='ocr_carea' id='block_1_8' title="bbox 94 2699 1212 3957">
    <p class='ocr_par' dir='ltr' id='par_1_10' title="bbox 94 2699 1212 3957">
     <span class='ocr_line' id='line_1_25' title="bbox 182 2699 1212 2786; baseline 0.002 -24"><span class='ocrx_word' id='word_1_188' title='bbox 182 2699 326 2780; x_wconf 74' lang='lat' dir='ltr'>Quorum</span> <span class='ocrx_word' id='word_1_189' title='bbox 357 2701 482 2765; x_wconf 90' lang='lat' dir='ltr'>medius</span> <span class='ocrx_word' id='word_1_190' title='bbox 512 2701 578 2766; x_wconf 86' lang='lat' dir='ltr'>dux</span> <span class='ocrx_word' id='word_1_191' title='bbox 608 2710 681 2786; x_wconf 91' lang='lat' dir='ltr'>post</span> <span class='ocrx_word' id='word_1_192' title='bbox 709 2699 842 2764; x_wconf 89' lang='lat' dir='ltr'>multam</span> <span class='ocrx_word' id='word_1_193' title='bbox 875 2699 1137 2765; x_wconf 86' lang='lat' dir='ltr'>consultationem</span> <span class='ocrx_word' id='word_1_194' title='bbox 1171 2701 1212 2764; x_wconf 91' lang='lat' dir='ltr'>ad</span> 
     </span>
     <span class='ocr_line' id='line_1_26' title="bbox 94 2782 1211 2883; baseline 0.002 -37"><span class='ocrx_word' id='word_1_195' title='bbox 94 2782 228 2848; x_wconf 90' lang='lat' dir='ltr'>multam</span> <span class='ocrx_word' id='word_1_196' title='bbox 260 2783 505 2850; x_wconf 87' lang='lat' dir='ltr'>benivolentiam</span> <span class='ocrx_word' id='word_1_197' title='bbox 539 2785 703 2848; x_wconf 85' lang='lat' dir='ltr'>animumb</span> <span class='ocrx_word' id='word_1_198' title='bbox 735 2784 917 2868; x_wconf 90' lang='lat' dir='ltr'>intendens,</span> <span class='ocrx_word' id='word_1_199' title='bbox 954 2785 999 2848; x_wconf 85' lang='lat' dir='ltr'>sic</span> <span class='ocrx_word' id='word_1_200' title='bbox 1028 2783 1211 2883; x_wconf 85' lang='lat' dir='ltr'>prelocutus</span> 
     </span>
     <span class='ocr_line' id='line_1_27' title="bbox 95 2867 1212 2954; baseline 0.001 -23"><span class='ocrx_word' id='word_1_201' title='bbox 95 2869 153 2932; x_wconf 89' lang='lat' dir='ltr'>ait:</span> <span class='ocrx_word' id='word_1_202' title='bbox 177 2868 306 2933; x_wconf 87' lang='lat' dir='ltr'>‘Karolo</span> <span class='ocrx_word' id='word_1_203' title='bbox 328 2891 404 2954; x_wconf 83' lang='lat' dir='ltr'>rege</span> <span class='ocrx_word' id='word_1_204' title='bbox 422 2867 596 2934; x_wconf 89' lang='lat' dir='ltr'>miserabili</span> <span class='ocrx_word' id='word_1_205' title='bbox 613 2867 741 2933; x_wconf 84' lang='lat' dir='ltr'>fortuna</span> <span class='ocrx_word' id='word_1_206' title='bbox 756 2869 916 2949; x_wconf 85' lang='lat' dir='ltr'>defuncte,</span> <span class='ocrx_word' id='word_1_207' title='bbox 938 2869 1005 2933; x_wconf 88' lang='lat' dir='ltr'>sive</span> <span class='ocrx_word' id='word_1_208' title='bbox 1026 2869 1061 2932; x_wconf 93' lang='lat' dir='ltr'>1d</span> <span class='ocrx_word' id='word_1_209' title='bbox 1081 2891 1118 2933; x_wconf 88' lang='lat' dir='ltr'>eo</span> <span class='ocrx_word' id='word_1_210' title='bbox 1140 2890 1212 2954; x_wconf 91' lang='lat' dir='ltr'>pro·</span> 
     </span>
     <span class='ocr_line' id='line_1_28' title="bbox 94 2950 1212 3037; baseline 0 -23"><span class='ocrx_word' id='word_1_211' title='bbox 94 2961 245 3034; x_wconf 87' lang='lat' dir='ltr'>merente,</span> <span class='ocrx_word' id='word_1_212' title='bbox 275 2955 341 3018; x_wconf 92' lang='lat' dir='ltr'>sive</span> <span class='ocrx_word' id='word_1_213' title='bbox 369 2953 486 3016; x_wconf 89' lang='lat' dir='ltr'>nostris</span> <span class='ocrx_word' id='word_1_214' title='bbox 515 2950 651 3037; x_wconf 83' lang='lat' dir='ltr'>flagiciis</span> <span class='ocrx_word' id='word_1_215' title='bbox 672 2953 683 3014; x_wconf 94' lang='lat' dir='ltr'>i</span> <span class='ocrx_word' id='word_1_216' title='bbox 708 2973 743 3016; x_wconf 89' lang='lat' dir='ltr'>sa</span> <span class='ocrx_word' id='word_1_217' title='bbox 763 2951 940 3017; x_wconf 86' lang='lat' dir='ltr'>Divinitate</span> <span class='ocrx_word' id='word_1_218' title='bbox 965 2951 1161 3035; x_wconf 85' lang='lat' dir='ltr'>indignante,</span> <span class='ocrx_word' id='word_1_219' title='bbox 1185 2952 1212 3016; x_wconf 91' lang='lat' dir='ltr'>si</span> 
     </span>
     <span class='ocr_line' id='line_1_29' title="bbox 95 2974 1208 3121; baseline 0.003 -25"><span class='ocrx_word' id='word_1_220' title='bbox 95 3035 175 3120; x_wconf 90' lang='lat' dir='ltr'>quid</span> <span class='ocrx_word' id='word_1_221' title='bbox 189 3057 208 3098; x_wconf 91' lang='lat' dir='ltr'>a</span> <span class='ocrx_word' id='word_1_222' title='bbox 222 3035 367 3120; x_wconf 89' lang='lat' dir='ltr'>patribus</span> <span class='ocrx_word' id='word_1_223' title='bbox 390 3045 422 3100; x_wconf 90' lang='lat' dir='ltr'>et</span> <span class='ocrx_word' id='word_1_224' title='bbox 442 3035 535 3100; x_wconf 92' lang='lat' dir='ltr'>nobis</span> <span class='ocrx_word' id='word_1_225' title='bbox 557 3036 637 3120; x_wconf 91' lang='lat' dir='ltr'>ipsis</span> <span class='ocrx_word' id='word_1_226' title='bbox 658 2974 834 3100; x_wconf 79' lang='lat' dir='ltr'>admissum</span> <span class='ocrx_word' id='word_1_227' title='bbox 856 3046 912 3118; x_wconf 89' lang='lat' dir='ltr'>est,</span> <span class='ocrx_word' id='word_1_228' title='bbox 935 3057 998 3121; x_wconf 92' lang='lat' dir='ltr'>quo</span> <span class='ocrx_word' id='word_1_229' title='bbox 1020 3036 1208 3100; x_wconf 89' lang='lat' dir='ltr'>Divinitatis</span> 
     </span>
     <span class='ocr_line' id='line_1_30' title="bbox 96 3117 1212 3205; baseline 0.002 -25"><span class='ocrx_word' id='word_1_230' title='bbox 96 3126 243 3182; x_wconf 88' lang='lat' dir='ltr'>maiestas</span> <span class='ocrx_word' id='word_1_231' title='bbox 263 3119 351 3183; x_wconf 91' lang='lat' dir='ltr'>laesa</span> <span class='ocrx_word' id='word_1_232' title='bbox 372 3120 422 3200; x_wconf 88' lang='lat' dir='ltr'>sit,</span> <span class='ocrx_word' id='word_1_233' title='bbox 443 3117 542 3183; x_wconf 87' lang='lat' dir='ltr'>multo</span> <span class='ocrx_word' id='word_1_234' title='bbox 566 3130 702 3184; x_wconf 76' lang='lat' dir='ltr'>conatu⁰</span> <span class='ocrx_word' id='word_1_235' title='bbox 723 3120 870 3205; x_wconf 89' lang='lat' dir='ltr'>inprimis</span> <span class='ocrx_word' id='word_1_236' title='bbox 892 3119 926 3183; x_wconf 94' lang='lat' dir='ltr'>id</span> <span class='ocrx_word' id='word_1_237' title='bbox 941 3121 1001 3183; x_wconf 90' lang='lat' dir='ltr'>erit</span> <span class='ocrx_word' id='word_1_238' title='bbox 1019 3119 1212 3184; x_wconf 90' lang='lat' dir='ltr'>abolendum</span> 
     </span>
     <span class='ocr_line' id='line_1_31' title="bbox 96 3200 1212 3286; baseline 0.002 -23"><span class='ocrx_word' id='word_1_239' title='bbox 96 3212 192 3286; x_wconf 90' lang='lat' dir='ltr'>atque</span> <span class='ocrx_word' id='word_1_240' title='bbox 214 3200 255 3264; x_wconf 92' lang='lat' dir='ltr'>ab</span> <span class='ocrx_word' id='word_1_241' title='bbox 275 3201 373 3266; x_wconf 90' lang='lat' dir='ltr'>oculis</span> <span class='ocrx_word' id='word_1_242' title='bbox 395 3203 619 3267; x_wconf 85' lang='lat' dir='ltr'>amovendum.</span> <span class='ocrx_word' id='word_1_243' title='bbox 652 3202 898 3268; x_wconf 90' lang='lat' dir='ltr'>Discordiarum</span> <span class='ocrx_word' id='word_1_244' title='bbox 919 3203 964 3266; x_wconf 91' lang='lat' dir='ltr'>ita</span> <span class='ocrx_word' id='word_1_245' title='bbox 988 3225 1028 3268; x_wconf 94' lang='lat' dir='ltr'>ue</span> <span class='ocrx_word' id='word_1_246' title='bbox 1047 3204 1212 3267; x_wconf 90' lang='lat' dir='ltr'>molimina</span> 
     </span>
     <span class='ocr_line' id='line_1_32' title="bbox 96 3225 1211 3372; baseline 0.001 -25"><span class='ocrx_word' id='word_1_247' title='bbox 96 3283 211 3365; x_wconf 85' lang='lat' dir='ltr'>absint,</span> <span class='ocrx_word' id='word_1_248' title='bbox 239 3296 270 3350; x_wconf 89' lang='lat' dir='ltr'>et</span> <span class='ocrx_word' id='word_1_249' title='bbox 291 3287 454 3350; x_wconf 92' lang='lat' dir='ltr'>communi</span> <span class='ocrx_word' id='word_1_250' title='bbox 481 3286 623 3350; x_wconf 92' lang='lat' dir='ltr'>omnium</span> <span class='ocrx_word' id='word_1_251' title='bbox 651 3287 833 3351; x_wconf 86' lang='lat' dir='ltr'>conibentia</span> <span class='ocrx_word' id='word_1_252' title='bbox 855 3286 895 3350; x_wconf 90' lang='lat' dir='ltr'>de</span> <span class='ocrx_word' id='word_1_253' title='bbox 917 3225 1106 3372; x_wconf 72' lang='lat' dir='ltr'>prdlerendo</span> <span class='ocrx_word' id='word_1_254' title='bbox 1126 3287 1211 3370; x_wconf 91' lang='lat' dir='ltr'>prin-</span> 
     </span>
     <span class='ocr_line' id='line_1_33' title="bbox 97 3368 1211 3455; baseline 0 -24"><span class='ocrx_word' id='word_1_255' title='bbox 97 3369 169 3453; x_wconf 88' lang='lat' dir='ltr'>cipe</span> <span class='ocrx_word' id='word_1_256' title='bbox 199 3368 417 3435; x_wconf 81' lang='lat' dir='ltr'>deliberemus</span> <span class='ocrx_word' id='word_1_257' title='bbox 477 3370 573 3434; x_wconf 90' lang='lat' dir='ltr'>Pater</span> <span class='ocrx_word' id='word_1_258' title='bbox 610 3392 700 3435; x_wconf 91' lang='lat' dir='ltr'>meus</span> <span class='ocrx_word' id='word_1_259' title='bbox 735 3380 841 3435; x_wconf 90' lang='lat' dir='ltr'>vestra</span> <span class='ocrx_word' id='word_1_260' title='bbox 874 3369 1036 3455; x_wconf 91' lang='lat' dir='ltr'>quondam</span> <span class='ocrx_word' id='word_1_261' title='bbox 1070 3371 1211 3434; x_wconf 90' lang='lat' dir='ltr'>omnium</span> 
     </span>
     <span class='ocr_line' id='line_1_34' title="bbox 97 3452 1211 3540; baseline 0 -24"><span class='ocrx_word' id='word_1_262' title='bbox 97 3452 261 3518; x_wconf 89' lang='lat' dir='ltr'>voluntate</span> <span class='ocrx_word' id='word_1_263' title='bbox 282 3477 341 3518; x_wconf 87' lang='lat' dir='ltr'>rex</span> <span class='ocrx_word' id='word_1_264' title='bbox 363 3461 485 3518; x_wconf 90' lang='lat' dir='ltr'>creatus</span> <span class='ocrx_word' id='word_1_265' title='bbox 507 3475 573 3518; x_wconf 91' lang='lat' dir='ltr'>non</span> <span class='ocrx_word' id='word_1_266' title='bbox 587 3456 655 3519; x_wconf 90' lang='lat' dir='ltr'>sine</span> <span class='ocrx_word' id='word_1_267' title='bbox 670 3477 786 3540; x_wconf 86' lang='lat' dir='ltr'>magno</span> <span class='ocrx_word' id='word_1_268' title='bbox 802 3455 949 3537; x_wconf 86' lang='lat' dir='ltr'>regnavit</span> <span class='ocrx_word' id='word_1_269' title='bbox 962 3453 1113 3536; x_wconf 81' lang='lat' dir='ltr'>facinore,</span> <span class='ocrx_word' id='word_1_270' title='bbox 1138 3475 1211 3516; x_wconf 89' lang='lat' dir='ltr'>cum</span> 
     </span>
     <span class='ocr_line' id='line_1_35' title="bbox 96 3536 1211 3621; baseline 0.001 -22"><span class='ocrx_word' id='word_1_271' title='bbox 96 3538 123 3600; x_wconf 95' lang='lat' dir='ltr'>is</span> <span class='ocrx_word' id='word_1_272' title='bbox 144 3537 198 3600; x_wconf 91' lang='lat' dir='ltr'>cui</span> <span class='ocrx_word' id='word_1_273' title='bbox 215 3536 273 3601; x_wconf 89' lang='lat' dir='ltr'>soli</span> <span class='ocrx_word' id='word_1_274' title='bbox 287 3539 356 3601; x_wconf 88' lang='lat' dir='ltr'>iura</span> <span class='ocrx_word' id='word_1_275' title='bbox 370 3537 526 3621; x_wconf 81' lang='lat' dir='ltr'>regnandi</span> <span class='ocrx_word' id='word_1_276' title='bbox 548 3537 746 3603; x_wconf 89' lang='lat' dir='ltr'>debebantur</span> <span class='ocrx_word' id='word_1_277' title='bbox 767 3539 890 3603; x_wconf 91' lang='lat' dir='ltr'>viveret</span> <span class='ocrx_word' id='word_1_278' title='bbox 911 3547 942 3602; x_wconf 93' lang='lat' dir='ltr'>et</span> <span class='ocrx_word' id='word_1_279' title='bbox 956 3539 1068 3602; x_wconf 85' lang='lat' dir='ltr'>vivens</span> <span class='ocrx_word' id='word_1_280' title='bbox 1084 3559 1211 3600; x_wconf 89' lang='lat' dir='ltr'>carcere</span> 
     </span>
     <span class='ocr_line' id='line_1_36' title="bbox 97 3619 1212 3708; baseline 0.001 -25"><span class='ocrx_word' id='word_1_281' title='bbox 97 3619 306 3686; x_wconf 89' lang='lat' dir='ltr'>clauderetur.</span> <span class='ocrx_word' id='word_1_282' title='bbox 344 3621 439 3702; x_wconf 76' lang='lat' dir='ltr'>Quod</span> <span class='ocrx_word' id='word_1_283' title='bbox 462 3621 580 3686; x_wconf 92' lang='lat' dir='ltr'>credite</span> <span class='ocrx_word' id='word_1_284' title='bbox 602 3623 673 3687; x_wconf 93' lang='lat' dir='ltr'>Deo</span> <span class='ocrx_word' id='word_1_285' title='bbox 695 3643 758 3685; x_wconf 92' lang='lat' dir='ltr'>non</span> <span class='ocrx_word' id='word_1_286' title='bbox 780 3631 947 3708; x_wconf 89' lang='lat' dir='ltr'>acceptum</span> <span class='ocrx_word' id='word_1_287' title='bbox 968 3620 1074 3684; x_wconf 87' lang='lat' dir='ltr'>fuisse.</span> <span class='ocrx_word' id='word_1_288' title='bbox 1117 3620 1212 3684; x_wconf 88' lang='lat' dir='ltr'>Unde</span> 
     </span>
     <span class='ocr_line' id='line_1_37' title="bbox 97 3703 1211 3791; baseline -0.002 -23"><span class='ocrx_word' id='word_1_289' title='bbox 97 3717 129 3770; x_wconf 89' lang='lat' dir='ltr'>et</span> <span class='ocrx_word' id='word_1_290' title='bbox 149 3705 241 3786; x_wconf 89' lang='lat' dir='ltr'>absit,</span> <span class='ocrx_word' id='word_1_291' title='bbox 264 3716 300 3769; x_wconf 90' lang='lat' dir='ltr'>ut</span> <span class='ocrx_word' id='word_1_292' title='bbox 321 3727 380 3791; x_wconf 84' lang='lat' dir='ltr'>ego</span> <span class='ocrx_word' id='word_1_293' title='bbox 402 3706 501 3791; x_wconf 89' lang='lat' dir='ltr'>patris</span> <span class='ocrx_word' id='word_1_294' title='bbox 523 3704 593 3770; x_wconf 89' lang='lat' dir='ltr'>loco</span> <span class='ocrx_word' id='word_1_295' title='bbox 612 3706 770 3771; x_wconf 89' lang='lat' dir='ltr'>restituar.</span> <span class='ocrx_word' id='word_1_296' title='bbox 802 3705 871 3768; x_wconf 90' lang='lat' dir='ltr'>Nec</span> <span class='ocrx_word' id='word_1_297' title='bbox 885 3726 961 3770; x_wconf 84' lang='lat' dir='ltr'>vero</span> <span class='ocrx_word' id='word_1_298' title='bbox 976 3703 1071 3768; x_wconf 89' lang='lat' dir='ltr'>alieni</span> <span class='ocrx_word' id='word_1_299' title='bbox 1085 3705 1211 3789; x_wconf 87' lang='lat' dir='ltr'>generis</span> 
     </span>
     <span class='ocr_line' id='line_1_38' title="bbox 98 3786 1212 3886; baseline 0.001 -35"><span class='ocrx_word' id='word_1_300' title='bbox 98 3811 291 3875; x_wconf 90' lang='lat' dir='ltr'>quemquam</span> <span class='ocrx_word' id='word_1_301' title='bbox 320 3799 393 3874; x_wconf 93' lang='lat' dir='ltr'>post</span> <span class='ocrx_word' id='word_1_302' title='bbox 414 3789 526 3854; x_wconf 77' lang='lat' dir='ltr'>divaef</span> <span class='ocrx_word' id='word_1_303' title='bbox 544 3790 716 3854; x_wconf 88' lang='lat' dir='ltr'>memoriae</span> <span class='ocrx_word' id='word_1_304' title='bbox 737 3787 909 3853; x_wconf 87' lang='lat' dir='ltr'>Rodulfum</span> <span class='ocrx_word' id='word_1_305' title='bbox 931 3786 1066 3852; x_wconf 89' lang='lat' dir='ltr'>arbitror</span> <span class='ocrx_word' id='word_1_306' title='bbox 1087 3809 1212 3886; x_wconf 90' lang='lat' dir='ltr'>promo-</span> 
     </span>
     <span class='ocr_line' id='line_1_39' title="bbox 96 3871 1212 3957; baseline -0.003 -21"><span class='ocrx_word' id='word_1_307' title='bbox 96 3872 247 3955; x_wconf 86' lang='lat' dir='ltr'>vendum,</span> <span class='ocrx_word' id='word_1_308' title='bbox 274 3895 348 3936; x_wconf 87' lang='lat' dir='ltr'>cum</span> <span class='ocrx_word' id='word_1_309' title='bbox 377 3873 445 3936; x_wconf 90' lang='lat' dir='ltr'>eius</span> <span class='ocrx_word' id='word_1_310' title='bbox 474 3882 616 3957; x_wconf 92' lang='lat' dir='ltr'>tempore</span> <span class='ocrx_word' id='word_1_311' title='bbox 645 3875 749 3936; x_wconf 86' lang='lat' dir='ltr'>visum</span> <span class='ocrx_word' id='word_1_312' title='bbox 779 3873 828 3955; x_wconf 88' lang='lat' dir='ltr'>sit,</span> <span class='ocrx_word' id='word_1_313' title='bbox 863 3871 941 3956; x_wconf 92' lang='lat' dir='ltr'>quid</span> <span class='ocrx_word' id='word_1_314' title='bbox 972 3892 1058 3935; x_wconf 88' lang='lat' dir='ltr'>nunc</span> <span class='ocrx_word' id='word_1_315' title='bbox 1089 3871 1212 3935; x_wconf 88' lang='lat' dir='ltr'>mnasci</span> 
     </span>
    </p>
   </div>
   <div class='ocr_carea' id='block_1_9' title="bbox 96 4029 1212 4201">
    <p class='ocr_par' dir='ltr' id='par_1_11' title="bbox 96 4029 1212 4201">
     <span class='ocr_line' id='line_1_40' title="bbox 157 4029 1212 4086; baseline -0.002 -12"><span class='ocrx_word' id='word_1_316' title='bbox 157 4033 179 4085; x_wconf 87' lang='lat' dir='ltr'>a)</span> <span class='ocrx_word' id='word_1_317' title='bbox 197 4046 210 4074; x_wconf 82' lang='lat' dir='ltr'>a</span> <span class='ocrx_word' id='word_1_318' title='bbox 226 4047 302 4079; x_wconf 79' lang='lat' dir='ltr'>eeorr,</span> <span class='ocrx_word' id='word_1_319' title='bbox 347 4033 371 4084; x_wconf 90' lang='lat' dir='ltr'>b)</span> <span class='ocrx_word' id='word_1_320' title='bbox 385 4039 435 4083; x_wconf 76' lang='lat' dir='ltr'>post</span> <span class='ocrx_word' id='word_1_321' title='bbox 452 4029 518 4075; x_wconf 65' lang='lat' dir='ltr'>add*</span> <span class='ocrx_word' id='word_1_322' title='bbox 555 4033 576 4086; x_wconf 89' lang='lat' dir='ltr'>c)</span> <span class='ocrx_word' id='word_1_323' title='bbox 594 4045 666 4085; x_wconf 87' lang='lat' dir='ltr'>orum,</span> <span class='ocrx_word' id='word_1_324' title='bbox 682 4037 725 4085; x_wconf 86' lang='lat' dir='ltr'>rat,</span> <span class='ocrx_word' id='word_1_325' title='bbox 741 4044 777 4085; x_wconf 76' lang='lat' dir='ltr'>ge,</span> <span class='ocrx_word' id='word_1_326' title='bbox 794 4034 822 4073; x_wconf 89' lang='lat' dir='ltr'>do</span> <span class='ocrx_word' id='word_1_327' title='bbox 838 4034 893 4076; x_wconf 75' lang='lat' dir='ltr'>abac.</span> <span class='ocrx_word' id='word_1_328' title='bbox 939 4033 962 4086; x_wconf 88' lang='lat' dir='ltr'>d)</span> <span class='ocrx_word' id='word_1_329' title='bbox 979 4034 1023 4084; x_wconf 86' lang='lat' dir='ltr'>Hu,</span> <span class='ocrx_word' id='word_1_330' title='bbox 1040 4034 1080 4084; x_wconf 86' lang='lat' dir='ltr'>cis,</span> <span class='ocrx_word' id='word_1_331' title='bbox 1097 4044 1129 4083; x_wconf 87' lang='lat' dir='ltr'>os,</span> <span class='ocrx_word' id='word_1_332' title='bbox 1147 4034 1212 4073; x_wconf 84' lang='lat' dir='ltr'>ovlco</span> 
     </span>
     <span class='ocr_line' id='line_1_41' title="bbox 96 4091 1211 4201; baseline -0.002 -69"><span class='ocrx_word' id='word_1_333' title='bbox 96 4095 176 4201; x_wconf 40' lang='lat' dir='ltr'>pappus</span> <span class='ocrx_word' id='word_1_334' title='bbox 199 4092 304 4192; x_wconf 50' lang='lat' dir='ltr'>mqlmqqpt</span> <span class='ocrx_word' id='word_1_335' title='bbox 318 4105 374 4134; x_wconf 78' lang='lat' dir='ltr'>corr.</span> <span class='ocrx_word' id='word_1_336' title='bbox 392 4103 443 4134; x_wconf 84' lang='lat' dir='ltr'>con.</span> <span class='ocrx_word' id='word_1_337' title='bbox 504 4091 523 4143; x_wconf 78' lang='lat' dir='ltr'>f)</span> <span class='ocrx_word' id='word_1_338' title='bbox 539 4093 560 4134; x_wconf 83' lang='lat' dir='ltr'>d.</span> <span class='ocrx_word' id='word_1_339' title='bbox 575 4104 606 4134; x_wconf 89' lang='lat' dir='ltr'>m.</span> <span class='ocrx_word' id='word_1_340' title='bbox 622 4105 648 4145; x_wconf 73' lang='lat' dir='ltr'>e,</span> <span class='ocrx_word' id='word_1_341' title='bbox 665 4094 722 4143; x_wconf 80' lang='lat' dir='ltr'>quod</span> <span class='ocrx_word' id='word_1_342' title='bbox 737 4093 855 4133; x_wconf 82' lang='lat' dir='ltr'>dominum</span> <span class='ocrx_word' id='word_1_343' title='bbox 871 4102 947 4132; x_wconf 89' lang='lat' dir='ltr'>meum</span> <span class='ocrx_word' id='word_1_344' title='bbox 963 4093 1022 4132; x_wconf 72' lang='lat' dir='ltr'>baud</span> <span class='ocrx_word' id='word_1_345' title='bbox 1038 4103 1081 4132; x_wconf 80' lang='lat' dir='ltr'>esse</span> <span class='ocrx_word' id='word_1_346' title='bbox 1097 4091 1211 4141; x_wconf 67' lang='lat' dir='ltr'>leucadam,</span> 
     </span>
    </p>
   </div>
   <div class='ocr_carea' id='block_1_10' title="bbox 97 4276 1211 4423">
    <p class='ocr_par' dir='ltr' id='par_1_12' title="bbox 97 4276 1211 4423">
     <span class='ocr_line' id='line_1_42' title="bbox 174 4276 1211 4349; baseline -0.004 -18"><span class='ocrx_word' id='word_1_347' title='bbox 174 4280 201 4348; x_wconf 88' lang='lat'>1)</span> <span class='ocrx_word' id='word_1_348' title='bbox 221 4284 262 4334; x_wconf 84' lang='lat' dir='ltr'>Ex</span> <span class='ocrx_word' id='word_1_349' title='bbox 282 4285 375 4349; x_wconf 82' lang='lat' dir='ltr'>Flod.;</span> <span class='ocrx_word' id='word_1_350' title='bbox 406 4285 439 4337; x_wconf 84' lang='lat' dir='ltr'>cf.</span> <span class='ocrx_word' id='word_1_351' title='bbox 458 4283 526 4334; x_wconf 84' lang='lat' dir='ltr'>Ann.</span> <span class='ocrx_word' id='word_1_352' title='bbox 549 4282 576 4334; x_wconf 87' lang='lat' dir='ltr'>S.</span> <span class='ocrx_word' id='word_1_353' title='bbox 597 4281 753 4345; x_wconf 82' lang='lat' dir='ltr'>Columbae,</span> <span class='ocrx_word' id='word_1_354' title='bbox 782 4283 830 4336; x_wconf 80' lang='lat' dir='ltr'>SS.</span> <span class='ocrx_word' id='word_1_355' title='bbox 849 4283 872 4345; x_wconf 91' lang='lat'>1,</span> <span class='ocrx_word' id='word_1_356' title='bbox 898 4299 925 4349; x_wconf 85' lang='lat' dir='ltr'>p.</span> <span class='ocrx_word' id='word_1_357' title='bbox 947 4281 1008 4333; x_wconf 79' lang='lat'>105.</span> <span class='ocrx_word' id='word_1_358' title='bbox 1084 4276 1114 4344; x_wconf 80' lang='lat'>2)</span> <span class='ocrx_word' id='word_1_359' title='bbox 1134 4279 1211 4330; x_wconf 85' lang='lat' dir='ltr'>Haec</span> 
     </span>
     <span class='ocr_line' id='line_1_43' title="bbox 97 4355 800 4423; baseline 0 -17"><span class='ocrx_word' id='word_1_360' title='bbox 97 4356 170 4408; x_wconf 88' lang='lat' dir='ltr'>solus</span> <span class='ocrx_word' id='word_1_361' title='bbox 190 4357 327 4421; x_wconf 67' lang='lat' dir='ltr'>richerus,</span> <span class='ocrx_word' id='word_1_362' title='bbox 351 4374 383 4409; x_wconf 86' lang='lat' dir='ltr'>ex</span> <span class='ocrx_word' id='word_1_363' title='bbox 402 4373 450 4410; x_wconf 82' lang='lat' dir='ltr'>suo</span> <span class='ocrx_word' id='word_1_364' title='bbox 469 4355 563 4423; x_wconf 86' lang='lat' dir='ltr'>procul</span> <span class='ocrx_word' id='word_1_365' title='bbox 583 4355 663 4406; x_wconf 85' lang='lat' dir='ltr'>dubio</span> <span class='ocrx_word' id='word_1_366' title='bbox 683 4356 800 4421; x_wconf 86' lang='lat' dir='ltr'>ingenio.</span> 
     </span>
    </p>
   </div>
   <div class='ocr_carea' id='block_1_11' title="bbox 0 0 1417 4824">
    <p class='ocr_par' dir='ltr' id='par_1_13' title="bbox 0 0 1417 4824">
     <span class='ocr_line' id='line_1_44' title="bbox 0 0 1417 4824; baseline 0 0"><span class='ocrx_word' id='word_1_367' title='bbox 0 0 1417 4824; x_wconf 95' lang='lat' dir='ltr'> </span> 
     </span>
    </p>
   </div>
  </div>
 </body>
</html>
