2820 4824
224 373 258 423 12
479 373 634 425 RIOHERI
653 372 905 425 HISTORIARUM
923 373 1036 424 LIBER
1054 373 1076 424 I.

163 540 380 606 aaaRotberto
411 540 536 606 Gallia¹
570 539 692 606 Celtica
724 539 854 621 collata,
888 542 921 603 in
956 540 1183 604 Saxoniam*·²
1217 542 1349 608 secedit.

228 624 328 690 Cuius
350 624 445 689 urbes
468 623 622 710 sedesque
636 625 741 710 regias
755 623 901 707 lustrans,
918 647 991 687 cum
1009 625 1137 710 oppidis
1157 623 1245 689 nullo
1267 629 1350 690 reni-

228 718 315 774 tente
338 708 482 773 obtinuit.
526 708 594 772 Ubi
602 710 631 740 **
654 710 750 772 etiam
765 708 985 790 Heinrieumr,
1006 710 1096 792 regio
1118 731 1237 792 genere
1259 710 1350 774 incli-

227 801 297 857 tum
312 814 350 858 ao
364 793 439 856 inde
454 793 633 875 oriundum,
654 793 768 856 ducem
784 792 932 856 omnibus
953 792 1086 877 preficit.
1132 792 1349 858 sarmatasbs

228 877 350 962 absque
372 875 473 962 prelio
496 877 640 941 subditos
666 875 787 941 habuit.
831 875 976 961 Anglosc
998 898 1125 974 quoque
1147 898 1186 940 ac
1207 877 1349 963 reliquos

225 962 509 1025 transmarinorum
530 959 667 1046 populos
689 961 772 1023 mira
792 959 1006 1024 benivolentia
1027 959 1113 1023 sib1d
1125 960 1243 1045 adegit.
1281 964 1348 1027 Vix

227 1053 356 1109 tamene
378 1067 437 1144 per
465 1044 653 1108 decennium
663 1055 685 1107 ⁰.
729 1044 774 1107 Et
803 1043 883 1106 forte
915 1043 1116 1108 felicissimus
1148 1066 1207 1129 per
1241 1047 1349 1111 omnia

226 1128 346 1212 fuisset,
369 1153 396 1192 s1
419 1131 452 1192 in
473 1150 536 1192 uno
558 1130 693 1192 nimium
714 1149 780 1191 non
801 1136 945 1191 errasset.

338 1248 387 1312 15.
431 1248 556 1312 Nimiaf
575 1247 710 1312 Karolif
733 1248 878 1312 dilectiof
900 1270 976 1334 erga
997 1247 1239 1334 Haganonemt

214 1370 233 1429 j
310 1350 395 1414 Nam
418 1372 490 1414 cum
511 1350 612 1415 multa
633 1350 829 1436 benignitate
851 1350 1011 1436 principes
1039 1349 1163 1432 coleret,
1191 1353 1281 1435 preci
1305 1376 1349 1417 ua

226 1444 336 1500 tamen
349 1433 546 1498 beatitudine
560 1434 775 1518 Haganonem
790 1433 939 1515 habebat,
963 1456 1058 1519 quem
1072 1456 1115 1497 ex
1128 1375 1347 1501 mediocribus

107 1537 148 1592 ἰ).
165 1541 216 1584 su.
227 1527 392 1604 potentem
413 1518 576 1600 effecerat,
599 1518 680 1583 adeo
695 1527 730 1582 ut
743 1518 947 1666 magnatibus
963 1517 1077 1603 quibus
1100 1540 1140 1582 ue
1163 1518 1276 1603 *longe
1292 1521 1347 1585 ab·

229 1600 423 1682 sistentibus,
452 1603 522 1687 ipse
543 1604 632 1686 regio
654 1603 745 1667 lateri
767 1623 852 1666 sous
873 1603 1025 1683 haereret,
1054 1604 1086 1687 p'
1112 1624 1186 1666 eum
1207 1606 1305 1667 etiam
1327 1629 1347 1669 a

230 1687 335 1770 capite
356 1687 442 1769 regis
464 1686 630 1771 sepissime
654 1695 816 1771 sumptum
830 1687 937 1772 palam
953 1685 1014 1749 sibi
1029 1688 1215 1772 imponeret.
1250 1688 1346 1768 Quod

228 1773 324 1834 etiam
354 1768 486 1832 multam
513 1771 583 1854 regi
607 1769 714 1834 intulit
741 1769 878 1834 labems.
921 1769 1051 1834 Etenim
1072 1772 1224 1856 primates
1247 1772 1281 1835 id
1302 1772 1345 1836 fe-

227 1862 332 1917 rentes
353 1852 530 1936 indignum,
551 1876 661 1939 regern
683 1853 801 1919 adeunt
822 1877 861 1918 ao
886 1854 974 1940 apud
992 1876 1065 1917 eum
1087 1856 1186 1918 satish
1208 1876 1345 1955 conque-

226 1946 347 2018 rrmtur,
372 1936 533 2001 hominem
556 1937 700 2002 obscuris
728 1938 914 2038 parentibus
935 1947 1046 2002 natum
1066 1941 1174 2023 regiae
1196 1939 1344 2024 digmtati

226 2019 361 2084 multum
376 2019 538 2106 derogare,
561 2044 634 2085 cum
649 2023 715 2086 acsi
729 2022 907 2121 mdigentia
920 2021 1077 2086 nobilium
1091 2023 1160 2107 ipse
1176 2032 1344 2109 tamquam

227 2103 425 2168 consulturus
446 2107 515 2190 regi
537 2107 680 2188 assistat3
704 2115 735 2170 et
755 2107 818 2169 nisi
837 2129 857 2170 a
875 2115 964 2170 tanta
984 2106 1209 2170 consuetudine
1232 2116 1343 2190 cesset,

224 2211 294 2253 sese
317 2211 337 2252 a
357 2189 443 2274 regis
458 2189 590 2254 consilio
604 2192 732 2276 penitus
747 2189 952 2255 discessuros
995 2190 1068 2254 Rex
1089 2189 1344 2256 dissuasionibus

222 2272 272 2336 his
294 2273 425 2336 minime
447 2273 604 2356 credulus,
627 2297 647 2338 a
668 2273 783 2338 dilecto
804 2296 869 2339 non
892 2276 996 2338 cessit.

392 2395 440 2458 16.
484 2394 683 2480 Indignatioi
705 2394 866 2459 Rotbeitii
888 2395 921 2456 in
942 2393 1180 2478 Haganonemi.

304 2496 431 2561 Interea
444 2496 619 2580 Belgicaek
641 2495 792 2559 urbibus¹
815 2507 910 2582 atque
933 2495 1060 2582 oppidis
1081 2496 1264 2561 firmissime
1287 2519 1342 2583 op-

220 2579 326 2660 tentis,
348 2580 434 2640 in***
450 2579 605 2643 Celtieam
626 2580 709 2643 redit
729 2601 767 2643 ac
789 2579 868 2643 urbe
891 2580 1083 2645 Suessonica
1103 2581 1216 2678 recipit
1239 2591 1341 2646 sese4.

221 2661 297 2725 Huc
319 2683 361 2724 ex
384 2664 472 2725 omni
495 2662 600 2727 Gallia
621 2664 783 2748 principes
806 2661 979 2729 confluunt.
1021 2664 1096 2727 Huc
1117 2674 1213 2728 etiam
1240 2667 1341 2728 mino-

221 2746 295 2808 res's
317 2743 417 2808 multo
443 2747 552 2810 favore
582 2747 817 2811 conveniuntii.
861 2748 948 2813 lnter
970 2770 1050 2834 quos
1072 2769 1145 2811 cum
1166 2748 1342 2814 Rotbertus

294 2898 316 2965 *)
335 2897 375 2951 ito
394 2900 420 2952 Ι.
446 2901 586 2966 Belgicam
608 2903 632 2955 1.
656 2963 658 2966 Ι

281 2969 317 3038 **)
336 2973 445 3024 Ubi-
464 2973 569 3040 preficit
588 2976 604 3023 2
625 2973 653 3025 in
672 2973 795 3041 inferiori
813 2976 941 3043 margine,
962 2975 1023 3027 aliia
1042 2977 1133 3028 erasis.

264 3042 314 3111 ***)
335 3045 475 3107 Celticam,
494 3064 549 3098 rec.
569 3063 629 3098 sese
649 3049 664 3096 2
683 3049 712 3098 in
726 3049 781 3100 loco
796 3065 873 3108 rosa·
884 3051 1005 3114 fortasse
1023 3050 1114 3116 Aquas
1133 3049 1337 3117 scriptumsait.

340 3135 399 3170 cum
424 3120 560 3187 paschalis
586 3122 752 3174 sollemnitas
775 3124 940 3184 immineret,
969 3124 1131 3189 Aquisgrani
1158 3122 1262 3188 palatio
1291 3139 1336 3174 rex

338 3209 397 3244 sese
416 3196 527 3261 recepit.
567 3195 628 3246 Huc
647 3195 747 3247 maer.

291 3263 316 3333 Τ)
336 3266 484 3318 mediocres
502 3267 603 3320 Eitea.

279 3336 318 3407 st)
339 3343 514 3404 conveniunt3
544 3348 635 3393 assunt
655 3348 682 3394 et
701 3343 792 3406 duces,
813 3358 846 3392 ex
866 3343 982 3394 Saxonis
1003 3341 1110 3407 quidem
1130 3340 1285 3402 Heinricus,
1306 3357 1338 3391 ex

337 3414 426 3465 Gallia
444 3417 616 3482 Ruotpertus.
656 3416 774 3467 Cottidie
800 3431 878 3466 secus
897 3415 967 3467 fores
989 3416 1058 3481 regii
1082 3413 1200 3465 cubiculi
1220 3420 1338 3476 manent,

275 3538 298 3592 a)
315 3543 424 3582 Heinrico
440 3553 497 3582 corr.
515 3543 657 3582 Heinricum.
719 3540 743 3592 b)
761 3552 852 3591 quoque
868 3544 908 3582 dd.
969 3540 990 3594 c)
1006 3541 1135 3590 Anglorum
1150 3542 1190 3582 del.
1238 3539 1261 3593 d)
1279 3543 1338 3582 mili-

215 3603 265 3640 tare
282 3604 302 3642 1.
349 3599 371 3652 c)
385 3601 412 3642 V.
429 3605 444 3639 t.
460 3612 483 3650 p.
500 3601 522 3641 d.
539 3602 562 3639 ia
577 3612 659 3650 maroa
675 3611 712 3651 cn,
728 3602 792 3642 nium
807 3601 863 3640 abac.
908 3599 1337 3654 f)ia,K(aroli),io,t1(aganonem)

216 3658 273 3701 abac.
334 3657 357 3710 g)
374 3660 528 3698 calamitatem
544 3661 565 3700 1.
626 3658 649 3711 h)
665 3670 683 3698 s.
699 3660 753 3699 inde
772 3661 791 3699 1.
843 3657 860 3709 i)
875 3661 946 3712 natio,
962 3661 1038 3710 tberti,
1054 3670 1154 3699 anonam
1169 3659 1227 3702 abac.
1272 3658 1298 3712 k)
1314 3661 1338 3699 ia

217 3718 263 3757 loco
284 3729 349 3767 raro,·
366 3717 498 3758 Galliarum
514 3718 657 3764 maerorum,
674 3718 712 3766 qai
727 3719 777 3756 hace
792 3718 909 3768 exscripsit.
970 3718 987 3771 Ι)
1004 3719 1088 3758 tinibus
1105 3721 1126 3759 1.

291 3831 319 3891 1)
338 3832 415 3881 Haec
440 3846 524 3896 usque
548 3831 668 3897 praestat
694 3831 872 3883 Ekkehardus
892 3832 993 3898 Uraug.
1012 3833 1041 3881 in
1059 3832 1122 3882 hist.
1142 3831 1267 3882 Heinrici
1293 3847 1336 3882 ex-

217 3904 339 3970 scripsit;
361 3904 395 3955 cf.
414 3903 499 3969 praei.
580 3901 608 3969 2)
628 3905 680 3953 Hic
701 3912 727 3956 et
746 3907 774 3954 in
793 3905 967 3971 sequentibus
986 3903 1067 3955 lectio
1086 3906 1158 3970 prior
1178 3920 1240 3954 cum
1259 3920 1336 3970 prae·

216 3978 287 4028 senti
306 3976 413 4040 collata,
432 3981 577 4039 auctorem,
596 3979 691 4028 insano
712 3977 828 4044 quodam
846 3979 934 4042 gentis
955 3977 1045 4029 studio
1065 3977 1221 4039 abductum,
1241 3977 1336 4043 Belgis

217 4049 345 4112 Saxones,
375 4048 525 4101 Gisloberto
551 4050 707 4101 Heinrieum
734 4051 911 4114 substituisse,
932 4050 1020 4104 docet.
1058 4050 1141 4101 Fides
1169 4049 1272 4101 talibus
1301 4051 1336 4102 ab

214 4122 379 4174 Ekkehardo
392 4123 554 4187 Uraugiensi
574 4125 713 4189 exscriptis
733 4125 840 4175 omnino
859 4123 992 4189 neganda,
1013 4128 1039 4174 et
1057 4124 1191 4174 historicis
1211 4122 1247 4173 ad
1267 4123 1336 4174 anti·

216 4211 295 4262 quam
315 4194 459 4246 lectionem
478 4195 547 4245 infra
566 4196 720 4248 adnotatam
739 4199 905 4249 redeundum
927 4203 974 4248 est.
995 4224 1028 4233 -
1057 4196 1098 4248 cf.
1118 4195 1241 4259 Wittich,
1267 4197 1333 4248 For·

214 4270 353 4335 schungen
369 4269 422 4332 111,
442 4286 468 4335 p.
481 4268 532 4319 105
544 4286 611 4336 sqq,
629 4277 654 4321 et
667 4270 760 4325 Jahrb.
779 4271 910 4321 Heinrich
921 4271 944 4322 I.
955 4288 981 4337 p.
993 4269 1037 4319 28.
1114 4269 1143 4335 3)
1163 4271 1181 4320 i.
1193 4285 1217 4320 e.
1229 4269 1334 4321 Slavos.

213 4339 243 4408 4)
264 4341 306 4395 of.
326 4341 471 4395 Flodoard.
495 4358 519 4393 a.
540 4343 602 4405 920,
622 4345 668 4410 qui
686 4345 749 4396 huic
768 4344 914 4396 narrationi
933 4345 1072 4395 materiam
1091 4343 1224 4408 praebuit.
