2820 4824
194 375 246 424 172
437 372 591 423 RIOHERI
609 370 862 423 HISTORIARUM
879 371 992 422 LIBER
1010 372 1081 422 1111.

135 539 314 604 ssafluitate
343 561 402 625 pro
430 540 584 625 temporis
611 538 833 601 immutatione
860 549 1013 621 vexatus,
1043 539 1078 601 in
1099 539 1311 624 egritudinem

195 645 277 710 quae
299 646 319 687 a
339 621 472 708 phisicis
494 623 661 708 synantica
682 621 817 685 dicitur¹
842 620 970 685 decidit.
1021 621 1114 702 Quae
1136 645 1211 687 cum
1232 624 1309 690 intra

195 707 289 793 gulae
311 706 461 770 interiora
482 706 591 770 sedem
613 704 739 786 habeat,
760 727 802 769 ex
822 703 980 768 fleumatis
1007 708 1217 771 reumatismo
1244 731 1310 794 pro-

195 813 316 876 gressa,
338 799 445 854 tamen
467 789 638 875 aliquando
660 788 702 853 ad
723 787 870 852 maxillas
892 800 923 854 et
944 811 1053 935 genas,
1076 789 1252 888 aliquando
1272 791 1308 856 ad

195 885 336 938 toracem
365 883 397 938 et
423 873 590 959 pulmones
618 883 776 937 tumorem
806 895 880 936 cum
907 873 947 936 do
961 895 1016 937 ore
1042 896 1137 958 gravr
1164 877 1311 940 immittit.

197 958 323 1038 Quibus
344 958 541 1022 tumentibus
562 970 658 1041 atque
678 954 875 1020 ferventibus
896 966 1031 1042 excepta
1051 959 1136 1023 initii
1158 959 1222 1041 die,
1243 968 1309 1044 post

196 1041 359 1106 diatritum
413 1042 564 1105 atientem
595 1040 732 1126 perimit.
785 1040 825 1103 In
855 1041 938 1104 banc
963 1041 1062 1125 igitur
1092 1041 1167 1106 Odo
1196 1041 1307 1128 lapsus,

195 1124 318 1190 infestis
340 1063 434 1208 gulde
462 1124 624 1189 doloribus
652 1124 901 1221 circumquaque
926 1123 1123 1209 pulsabatur.
1175 1125 1307 1191 Arteria-

195 1231 268 1272 rum
313 1230 419 1294 uoque
440 1208 546 1273 fervor
567 1208 720 1272 sermonis
742 1208 976 1272 interc1sionem
999 1210 1204 1293 operabatur.
1247 1210 1306 1276 Nec

195 1231 493 1378 petiitqhuiusmodi
515 1290 606 1355 dolor
633 1292 748 1376 capitis
777 1293 959 1376 superiora,
986 1301 1018 1355 at
1045 1293 1218 1378 precordia
1268 1317 1306 1358 er·

195 1387 372 1460 temptans,
405 1375 589 1460 pulmonem
622 1386 654 1439 et
685 1396 763 1459 epar
794 1385 947 1460 peracuto
980 1374 1089 1440 dolore
1118 1317 1308 1441 stimulabat.

195 1458 272 1523 Fuit
292 1461 400 1544 itaque
429 1458 565 1524 militum
590 1457 709 1540 luctus,
738 1457 932 1522 famulorum
960 1457 1095 1540 clamor,
1124 1460 1306 1524 feminarum

81 1568 119 1624 ’μ
135 1573 186 1616 ⁶53,
195 1542 345 1627 frequens
368 1543 566 1624 exclamatio,
590 1549 646 1605 *eo
661 1541 748 1627 quod
770 1541 934 1605 dominum
956 1542 1171 1608 inconsultum
1193 1546 1306 1609 amitte-

195 1626 283 1707 bant,
306 1635 337 1690 et
357 1628 441 1690 natis
462 1625 647 1690 dominandi
669 1647 743 1710 spes
763 1623 850 1688 nulla
867 1624 1108 1712 relinqueretur,
1131 1650 1208 1690 oum
1223 1650 1306 1714 reges

194 1711 279 1794 patri
300 1709 405 1773 adhuc
426 1711 532 1772 animo
554 1710 634 1772 irato
656 1718 844 1795 perstarent,
867 1717 899 1774 et
920 1708 1018 1773 Fulco
1041 1710 1230 1776 insolentiae
1252 1713 1308 1797 spi-

194 1795 259 1856 ritu
280 1814 392 1876 pacem
415 1791 617 1856 multifariam
639 1792 791 1857 turbaret.
827 1793 871 1856 Et
884 1801 991 1857 tamen
1005 1795 1039 1857 in
1053 1794 1146 1859 brevi
1160 1797 1308 1876 victurus,

194 1875 327 1959 regibus
346 1875 467 1960 legatos
490 1875 606 1941 celeres
628 1877 730 1959 misit,
758 1876 813 1961 qui
835 1898 893 1961 pro
921 1900 955 1940 se
983 1877 1145 1965 supplices
1175 1880 1307 1944 suasorie

194 1967 345 2044 rogarent
365 1970 396 2024 et
413 1982 472 2046 pro
493 1961 616 2024 iniuriis
630 1958 724 2024 illatis
742 1961 970 2024 iustissimama
984 1964 1305 2048 recompensationem

195 2043 397 2128 sponderent.
440 2045 512 2108 Rex
525 2054 693 2108 veteranus
708 2043 865 2107 malorum
883 2048 1112 2110 correctionem
1134 2047 1178 2111 ab
1199 2046 1306 2132 legatis

195 2129 344 2212 excipere
365 2125 490 2210 volens,
517 2149 537 2189 a
565 2127 630 2191 filio
657 2126 843 2212 indignante
873 2128 1026 2193 inhibitus
1057 2141 1114 2194 est.
1164 2131 1259 2195 Unde
1279 2140 1305 2194 et

192 2209 370 2296 legatorum
391 2210 613 2297 allegationem
634 2212 760 2296 penitus
782 2214 902 2295 sprevit
930 2223 1025 2298 atque
1054 2212 1125 2277 illos
1154 2215 1305 2278 immunes

193 2295 296 2359 redire
320 2317 376 2381 coe
401 2296 435 2360 it.
479 2293 605 2376 Quibus
626 2296 660 2357 in
674 2295 786 2359 itinere
800 2316 923 2360 moram
938 2297 1117 2381 agentibus,
1140 2308 1215 2363 ante
1238 2320 1304 2361 uam

192 2378 351 2444 redissent
396 2380 424 2442 ‘e
446 2389 560 2464 quarta
580 2388 674 2443 natae
696 2380 882 2462 synanticae
902 2380 996 2462 facta,
1019 2379 1092 2444 Odo
1115 2404 1232 2446 monac
1254 2382 1305 2445 us¹>

192 2461 317 2526 factusb
347 2462 462 2528 defecit
490 2474 586 2549 atque
615 2463 660 2525 sic
686 2463 771 2526 vitae
800 2461 897 2526 finem
926 2464 1054 2547 habuit3
1087 2465 1128 2528 ad
1159 2466 1303 2530 Sanctum

191 2546 366 2611 Martinum
399 2546 520 2611 delatus
557 2556 589 2611 et
618 2547 671 2609 in⁰
702 2545 774 2608 loco
810 2546 897 2644 quod
928 2547 1303 2615 Maius-monasterium²

193 2629 310 2693 dicitur
332 2652 405 2693 cum
427 2629 527 2694 multo
549 2652 678 2693 suorum
701 2630 853 2715 obsequro
875 2630 1028 2716 sepultus.

192 2767 243 2831 95.
274 2767 456 2830 Iohannesd
476 2788 562 2851 papa
581 2767 746 2830 Leonemd
766 2766 916 2833 abbatem
936 2770 993 2831 ind
1016 2767 1160 2834 (ialliastl
1182 2772 1304 2850 mittut,

402 2850 458 2912 utd
479 2847 604 2911 Arnulfi
626 2849 882 2914 abdicationemd
904 2851 1084 2917 dissolvatd.

133 2969 184 3010 sss.
277 2948 339 3012 Per
359 2948 445 3014 idem
467 2959 594 3035 tempus
616 2971 688 3014 cum
710 2973 730 3013 a
752 2951 984 3017 Germanorum
1006 2956 1168 3040 episcopis
1194 2955 1304 3019 domno

192 3031 329 3096 Iohanni
356 3054 460 3119 papae
482 3056 540 3119 per
566 3034 715 3118 epistolas
744 3057 973 3122 saepenumero
1003 3048 1193 3122 suggestum
1220 3039 1304 3119 foret,

192 3126 228 3180 ut
255 3115 403 3182 Gerberti
424 3119 597 3182 Remorum
625 3120 860 3205 metropolitani
907 3121 1118 3185 remotionem
1145 3123 1303 3188 abdicaret

192 3210 224 3264 et
251 3199 375 3265 Arnulfi
404 3201 638 3266 abdicationem
667 3216 774 3289 preter
801 3205 851 3266 ius
880 3143 996 3268 lletam
1025 3205 1261 3290 indignaretur,
1285 3226 1303 3267 a

190 3306 233 3369 pa
258 3306 277 3347 a
302 3286 357 3348 inb
381 3286 609 3351 Germaniamb
637 3297 714 3350 tunc
743 3286 882 3351 directus
910 3298 958 3352 est
979 3289 1044 3353 Leo
1073 3289 1248 3354 monachus
1275 3299 1302 3354 et

191 3307 302 3451 abbas,
330 3371 384 3455 qui
412 3369 539 3433 vicibus
561 3392 664 3456 papae
686 3373 806 3456 potitus
838 3393 911 3434 cum
935 3375 1094 3458 episcopis
1118 3373 1303 3438 Germaniae

190 3463 286 3539 atque
309 3452 487 3518 Galliarum
508 3453 602 3517 huius
624 3455 743 3538 negotii
764 3465 796 3518 et
816 3454 1000 3540 indaginem
1021 3456 1142 3520 faceret
1169 3467 1201 3522 et
1226 3457 1301 3522 iudi-

189 3538 270 3600 tium
302 3537 459 3622 diligense
490 3537 564 3601 inde
591 3537 774 3623 proferret&
824 3538 889 3618 Qui
918 3539 1144 3604 humanissime
1174 3542 1216 3604 ab
1242 3541 1300 3626 epi-

190 3619 493 3707 scopis‘fexeeptus
516 3622 556 3685 de
578 3621 724 3687 habenda
746 3621 858 3685 sinodo
881 3645 978 3708 super
997 3623 1059 3686 hoe
1079 3626 1211 3722 negotio
1234 3646 1300 3688 cum

190 3705 235 3767 eis
256 3705 422 3769 tractabat.
465 3704 496 3768 A
519 3705 634 3791 quibus
654 3704 821 3768 Gallorum
841 3707 981 3790 regibus,
1003 3707 1137 3791 Hugom
1158 3707 1302 3773 videlicet

189 3789 321 3872 eiusque
336 3787 401 3850 filio
416 3789 579 3870 Rotbert0,
600 3788 718 3874 legati&
733 3789 845 3853 directi
867 3800 949 3872 sunt,
974 3792 1029 3876 qui
1050 3813 1155 3876 papae
1177 3793 1300 3858 manda

249 3957 271 4008 a)
289 3961 452 4007 aequissimam
467 3971 574 4010 superacr.
590 3962 745 4004 iustissimam.
805 3960 829 4013 b)
845 3968 894 4013 post
905 3965 955 4003 aaa.
1018 3961 1038 4015 c)
1055 3964 1080 4003 in
1096 3975 1152 4004 mon
1167 3966 1231 4004 seria
1245 3974 1299 4013 coep·

188 4022 239 4057 tum.
315 4016 338 4067 d)
355 4017 499 4071 Ioh(annes),
514 4020 586 4070 Leon,
601 4021 626 4058 in
643 4021 695 4072 Gal,
710 4022 739 4060 tit
753 4033 776 4072 u,
792 4022 869 4073 dicati,
886 4024 936 4062 solv
951 4023 1006 4061 abac.
1087 4021 1109 4074 e)
1127 4024 1300 4073 diligentissime

186 4076 346 4126 promulgaret
361 4079 382 4117 1.
442 4076 461 4127 f)
476 4089 496 4118 e.
512 4077 650 4118 Germaniae
667 4081 687 4120 1.
747 4077 771 4130 g)
787 4091 810 4128 q.
825 4082 898 4130 legati
915 4103 941 4112 -
956 4082 983 4122 R.
999 4083 1019 4120 d.
1037 4083 1057 4120 l.

262 4187 291 4254 1)
310 4189 386 4241 italis
404 4190 526 4242 sicanas.
601 4189 629 4258 2)
649 4193 1010 4247 Marmoutier·lez·Tours.
1084 4192 1114 4261 3)
1133 4195 1192 4247 Leo
1208 4197 1260 4246 iam
1274 4209 1298 4243 a.

188 4261 250 4313 992.
269 4263 364 4314 missus
385 4268 411 4314 et
429 4263 546 4329 synodus
565 4270 628 4316 tunc
646 4267 745 4332 Aquis,
771 4283 796 4320 a.
817 4268 878 4320 994.
899 4269 1049 4334 Ingelheim
1069 4269 1163 4320 habita
1182 4274 1235 4334 est;
1264 4266 1295 4317 cf.

186 4333 317 4387 Wilmans
336 4353 363 4404 p.
385 4336 427 4390 58.
448 4337 491 4390 60.
