2820 4824
259 348 309 401 138
493 349 647 402 RIOHERI
664 349 917 402 HISTORIARUM
936 350 1047 402 LIBER
1064 351 1133 402 1111.

138 536 178 593 ’μ
193 540 245 583 eae.
255 538 348 602 reges
370 516 513 580 exercitu
534 514 665 580 collecto
688 514 800 578 urbem
822 515 999 600 predictam
1020 538 1096 579 cum
1110 517 1196 582 8000
1212 518 1362 602 'aggressi

195 600 338 665 ⁹⁸⁸·sunt.
383 597 495 663 Castra
516 597 660 683 inprimis
681 619 798 683 aggere
820 608 851 664 et
871 598 956 662 fossa
977 600 1133 664 muniunt.

597 754 647 818 22.
691 751 888 838 Compositio
910 755 1027 820 arietis.

339 857 419 921 Inde
440 856 613 922 exstruitur
633 852 724 938 aries,
747 855 845 918 muris
859 853 1041 940 frangendis
1057 854 1242 922 obnisurus.
1275 857 1360 923 (luins

256 939 438 1004 machinam
459 963 501 1004 ex
523 947 658 1024 quatuor
678 939 777 1002 mirae
798 938 1020 1022 grossitudinis
1042 948 1075 1004 et
1088 939 1298 1024 longitudinis
1312 949 1361 1005 tra-

255 1023 350 1088 bibus
370 1022 557 1108 longilatero
579 1031 717 1086 scemate
732 1032 911 1104 erexerim,
933 1023 967 1085 in
988 1024 1155 1088 cacumine
1177 1034 1210 1088 et
1224 1025 1296 1090 basi
1314 1047 1361 1111 per

256 1117 391 1193 quatuor
412 1106 511 1172 latera
536 1103 698 1190 repagulis
725 1113 904 1170 transverse
931 1109 1083 1188 annexis3
1110 1108 1145 1170 in
1167 1107 1276 1173 medio
1297 1130 1360 1173 vero

255 1189 476 1255 solummodoa
496 1189 602 1254 levum
622 1189 704 1252 latus
725 1196 756 1253 et
777 1188 925 1252 dextrum
951 1188 1039 1275 ligna
1065 1192 1257 1254 transmissa
1275 1191 1360 1255 habu-

255 1297 316 1340 ere.
367 1273 412 1338 At
439 1295 535 1359 super
563 1271 702 1336 trabium
729 1280 904 1336 erectarum
932 1274 1111 1357 superiores
1145 1276 1361 1340 commissuras

254 1359 416 1443 longmios
438 1356 518 1421 duos
540 1363 719 1420 straverunt
738 1355 939 1442 inmotosque
963 1357 1146 1439 effecerunt,
1168 1367 1293 1442 partem
1312 1369 1361 1423 ter-

254 1442 332 1506 tiam
354 1441 526 1526 superioris
541 1439 636 1525 spatii
649 1439 787 1503 trabium
801 1439 835 1500 in
849 1438 954 1504 medio
969 1438 1157 1505 obtinentes.
1191 1441 1243 1504 Ab
1259 1440 1361 1527 quibus

254 1523 408 1608 longuriis
443 1524 534 1588 funes
570 1521 740 1608 implicitos
777 1521 816 1586 de
842 1532 1000 1587 osuerunt.
1056 1524 1207 1590 Funibus
1268 1546 1361 1610 uoque

254 1608 377 1672 trabem
399 1628 472 1670 cum
493 1607 610 1671 ferrato
633 1627 669 1669 oa
693 1606 735 1670 ite
757 1544 875 1669 mulfae
889 1607 1111 1690 grossitudinis
1126 1547 1361 1693 suspenderunt.

256 1689 318 1754 Oui
340 1692 436 1755 ctiam
457 1689 541 1754 trabi
561 1690 595 1751 in
616 1628 722 1752 medio
744 1697 776 1752 et
796 1697 939 1753 extremo
961 1689 1052 1753 funes
1073 1689 1127 1753 alli
1152 1701 1223 1756 atos
1242 1691 1361 1756 adhibu-

256 1782 380 1855 erunt‘q
412 1775 466 1858 qui
495 1794 514 1835 a
542 1771 763 1837 multitudine(¹
788 1773 880 1836 tracti
910 1782 942 1837 et
967 1774 1102 1856 remissi,
1127 1712 1268 1840 len-atae
1296 1773 1362 1838 moli

255 1864 377 1919 motum
393 1856 513 1920 darent.
546 1855 639 1919 Unde
654 1865 685 1920 et
699 1855 881 1919 huiusmodi
896 1855 1053 1938 machina,
1069 1857 1147 1942 quia
1160 1879 1251 1923 more
1265 1857 1361 1922 arietis

256 1947 340 2004 retro
367 1949 467 2004 tracta
500 1948 572 2003 ante
594 1961 666 2002 cum
694 1941 817 2025 impetu
842 1941 915 2022 ruit,
936 1940 1018 2003 aries
1046 1940 1245 2026 appellatum
1272 1942 1362 2005 cuius

256 2044 394 2108 cumque
416 2021 583 2088 soliditatis
604 2024 702 2086 muris
723 2021 907 2120 frangendis
921 2023 1117 2107 aptissimus.
1155 2025 1263 2105 Quam
1277 2026 1362 2090 etiam

255 2107 435 2172 machinam
458 2129 554 2192 super
575 2115 638 2171 tres
660 2115 745 2170 rotas
774 2105 932 2192 tr1angulo
955 2114 1092 2171 scemate
1119 2109 1261 2192 positam
1286 2116 1362 2193 apta

255 2200 378 2274 verunt,
409 2203 492 2276 quoe
520 2189 644 2254 facilius
673 2188 843 2275 obliquata,
874 2211 1075 2275 quocumque
1103 2200 1266 2276 oporteret
1292 2191 1361 2256 verti

255 2273 382 2339 valeret.
419 2273 464 2339 At
485 2278 561 2360 quia
581 2273 669 2337 urbis
691 2273 770 2337 situs
785 2273 938 2337 accedere
953 2272 1123 2357 prohibuit,
1147 2297 1185 2340 eo
1198 2275 1361 2421 1quodipsa

254 2359 331 2423 urbs
352 2361 385 2422 in
407 2359 559 2423 eminenti
580 2359 696 2421 montis
723 2359 887 2420 cacumine
915 2355 1065 2438 eminets,
1093 2359 1177 2423 aries
1213 2360 1360 2424 abricatus

254 2443 358 2506 cessit.

349 2599 400 2661 23.
444 2597 609 2680 Digressio
630 2596 779 2682 Hugonis
801 2617 873 2660 cum
896 2597 1040 2660 exercitu
1060 2617 1080 2658 a
1100 2595 1271 2661 Lauduno.

185 2755 245 2806 Au„
339 2715 416 2778 Post
443 2714 523 2778 haec
556 2736 627 2778 cum
655 2737 713 2800 per
741 2715 808 2780 dies
840 2714 994 2801 plurimos
1023 2717 1056 2779 in
1086 2715 1253 2782 obsidione
1283 2716 1361 2780 urbis

256 2795 372 2882 vigiliis
394 2806 426 2860 et
447 2798 530 2860 curis
545 2800 725 2884 pugnisque
740 2799 958 2886 frequentibus
973 2798 1213 2880 laboravissent,
1231 2800 1282 2864 die
1297 2820 1360 2885 qua·

257 2879 330 2943 dem
349 2877 533 2944 custodibus
548 2890 724 2944 castrorum
739 2884 814 2947 vino
829 2905 1004 2968 somnoque
1018 2884 1203 2968 aggravatis
1211 2895 1236 2964 Β,
1258 2881 1361 2948 urbani

256 2964 331 3026 vino
364 2961 532 3026 exhilarati
564 2986 638 3027 cum
669 2967 765 3029 armis
797 2964 838 3029 ad
871 2975 974 3030 castra
1005 2966 1170 3052 pedestres
1205 2976 1361 3032 venerunt

256 3045 389 3132 Equites
410 3067 485 3110 vero
508 3057 738 3146 consequenter
751 3052 866 3113 armati
880 3048 1040 3113 subsecuti
1055 3059 1137 3129 sunt,
1159 3051 1208 3114 rei
1223 3059 1361 3115 eventum

255 3128 463 3215 prestolantes
472 3131 496 3213 ¹¹,
525 3139 569 3214 ut,
599 3155 626 3196 s1
646 3154 773 3217 pugnae
799 3133 888 3196 locus
914 3131 1039 3197 adesset
1066 3155 1285 3219 prosperaque
1309 3132 1360 3195 for-

255 3225 333 3279 tuna
353 3213 477 3279 felicem
499 3217 666 3280 annuereti
695 3224 852 3298 eventum,
883 3237 956 3279 cum
977 3215 1067 3280 hoste
1094 3218 1277 3280 comminus
1297 3237 1360 3279 con·

141 3297 410 3384 0f01‚45‚fligerent.
467 3297 551 3364 Cum
580 3322 656 3385 ergo
687 3299 810 3398 pedites
843 3300 925 3363 *iam
958 3301 1070 3364 castris
1100 3301 1361 3386 propinquassent

256 3383 466 3482 custodesque
488 3405 584 3448 conso
609 3381 929 3464 itos1ntellexissent,
957 3382 1044 3447 faces
1066 3383 1179 3446 castris
1200 3383 1360 3446 immisere.

256 3467 400 3548 Quorum
422 3467 561 3532 moendii
615 3488 667 3530 mo
689 3489 744 3530 aer
773 3465 932 3548 densatus,
961 3487 1025 3529 non
1053 3464 1157 3529 solum
1179 3467 1361 3530 intuentium

253 3551 376 3616 visibus
397 3553 501 3616 tetrak
523 3550 709 3636 nigredinek
733 3550 888 3632 obstabat,
910 3559 943 3614 at
960 3550 1051 3674 gravi
1064 3569 1185 3634 vapore
1199 3551 1323 3613 narium
1336 3555 1362 3611 et

254 3634 396 3698 faucium
417 3645 539 3699 meatus
554 3631 795 3697 intercludebat.
831 3633 958 3697 Pedites
992 3655 1070 3696 mox
1083 3632 1267 3715 vociferari,
1288 3631 1361 3696 clan-

255 3738 330 3800 gere
352 3715 467 3780 milites
490 3738 611 3801 cepere.
653 3717 725 3780 Rex
747 3717 856 3803 etqui
878 3738 951 3780 cum
973 3738 1009 3780 eo
1032 3727 1122 3781 erant
1143 3714 1361 3780 elementorum

256 3799 441 3863 confusione
462 3800 624 3884 multoque
652 3801 793 3864 virorum
821 3800 959 3864 clamore
981 3809 1013 3864 et
1033 3800 1201 3864 turbarum
1223 3800 1361 3883 clangore

256 3881 382 3963 turbati,
410 3883 450 3946 ab
471 3884 550 3947 urbe
577 3880 667 3946 sedes
692 3893 866 3948 mutavere.
909 3883 993 3946 Nam
1016 3892 1119 3946 castra
1140 3904 1216 3946 cum
1239 3883 1317 3947 cibis
1335 3888 1361 3942 et

255 3963 350 4028 rebus
373 3963 520 4028 omnibus
542 3964 737 4051 absumptam
759 3967 898 4032 videbat.
941 3966 1035 4030 Unde
1057 3975 1108 4030 et¹¹
1130 3967 1307 4031 exercitum
1326 3960 1361 4026 ad

315 4153 337 4203 a)
354 4153 370 4197 l.
384 4154 399 4194 1.
417 4155 440 4193 et
454 4153 476 4196 d.
493 4165 511 4193 s.
529 4156 548 4196 1.
622 4153 691 4206 b)1n
713 4157 731 4194 1.
807 4155 827 4208 c)
844 4156 1013 4206 suspenderunt
1035 4157 1055 4195 1.
1132 4153 1155 4206 d)
1171 4153 1289 4210 mill(tum)
1305 4150 1360 4192 sarili

197 4226 200 4232 ¹
255 4216 358 4260 coeptum.
427 4206 448 4259 e)
465 4215 491 4252 ut
507 4215 525 4252 1.
594 4211 744 4263 nominabat
761 4216 780 4254 t.
840 4213 864 4267 g)
880 4226 944 4265 grav.
962 4217 982 4256 1.
1051 4212 1075 4263 h)
1091 4218 1163 4264 prost.
1180 4226 1198 4255 c.
1268 4213 1286 4266 i)
1301 4221 1359 4262 spon·

256 4271 321 4311 deret
335 4281 442 4320 ruperam.
458 4274 580 4313 annueret.
639 4271 662 4322 k)
676 4278 726 4322 post
742 4273 791 4312 add.
860 4272 877 4326 l)
893 4275 917 4316 P.
934 4285 965 4317 m.
981 4285 1002 4314 v.
1019 4273 1040 4312 cl
1064 4283 1094 4316 m.
1114 4273 1139 4312 in
1153 4285 1224 4324 marg.
1284 4273 1314 4323 m)
1328 4269 1359 4308 ab·

256 4333 346 4386 sumpte
368 4333 434 4370 erant
451 4332 470 4372 1.
546 4328 569 4380 n)
587 4341 627 4370 rex
645 4333 665 4370 1-
