<?xml version="1.0" encoding="UTF-8"?>
<!DOCTYPE html PUBLIC "-//W3C//DTD XHTML 1.0 Transitional//EN"
    "http://www.w3.org/TR/xhtml1/DTD/xhtml1-transitional.dtd">
<html xmlns="http://www.w3.org/1999/xhtml" xml:lang="en" lang="en">
 <head>
  <title>
</title>
<meta http-equiv="Content-Type" content="text/html;charset=utf-8" />
  <meta name='ocr-system' content='tesseract 3.04.00' />
  <meta name='ocr-capabilities' content='ocr_page ocr_carea ocr_par ocr_line ocrx_word'/>
</head>
<body>
  <div class='ocr_page' id='page_1' title='image "./richerihistoria01richgoog_0010.png"; bbox 0 0 2820 4824; ppageno 0'>
   <div class='ocr_carea' id='block_1_1' title="bbox 70 1229 1323 2416">
    <p class='ocr_par' dir='ltr' id='par_1_1' title="bbox 80 1229 1323 2169">
     <span class='ocr_line' id='line_1_1' title="bbox 167 1229 1323 1335; baseline 0.006 -27"><span class='ocrx_word' id='word_1_1' title='bbox 167 1229 362 1326; x_wconf 63' lang='lat' dir='ltr'><em>*llicherns</em></span> <span class='ocrx_word' id='word_1_2' title='bbox 393 1256 428 1309; x_wconf 90' lang='lat' dir='ltr'><em>ut</em></span> <span class='ocrx_word' id='word_1_3' title='bbox 456 1249 529 1331; x_wconf 87' lang='lat' dir='ltr'><em>ipso</em></span> <span class='ocrx_word' id='word_1_4' title='bbox 552 1247 697 1311; x_wconf 79' lang='lat' dir='ltr'><em>tradente</em></span> <span class='ocrx_word' id='word_1_5' title='bbox 720 1246 887 1326; x_wconf 81' lang='lat' dir='ltr'><em>discimus,</em></span> <span class='ocrx_word' id='word_1_6' title='bbox 909 1246 1028 1312; x_wconf 80' lang='lat' dir='ltr'><em>Sancti</em></span> <span class='ocrx_word' id='word_1_7' title='bbox 1049 1249 1263 1335; x_wconf 66' lang='lat' dir='ltr'><em>Rcmtqtt‘ss</em></span> <span class='ocrx_word' id='word_1_8' title='bbox 1279 1261 1323 1314; x_wconf 72' lang='lat'>111,</span> 
     </span>
     <span class='ocr_line' id='line_1_2' title="bbox 82 1318 1310 1415; baseline 0.003 -22"><span class='ocrx_word' id='word_1_9' title='bbox 82 1341 177 1394; x_wconf 84' lang='lat' dir='ltr'><em>entra</em></span> <span class='ocrx_word' id='word_1_10' title='bbox 192 1352 303 1393; x_wconf 89' lang='lat' dir='ltr'><em>muros</em></span> <span class='ocrx_word' id='word_1_11' title='bbox 318 1331 488 1394; x_wconf 83' lang='lat' dir='ltr'><em>Remonses</em></span> <span class='ocrx_word' id='word_1_12' title='bbox 503 1331 682 1395; x_wconf 90' lang='lat' dir='ltr'><em>monachus</em></span> <span class='ocrx_word' id='word_1_13' title='bbox 692 1342 713 1410; x_wconf 90' lang='lat'><em>¹,</em></span> <span class='ocrx_word' id='word_1_14' title='bbox 731 1340 861 1413; x_wconf 89' lang='lat' dir='ltr'><em>patrem</em></span> <span class='ocrx_word' id='word_1_15' title='bbox 876 1330 989 1394; x_wconf 89' lang='lat' dir='ltr'><em>hahuit</em></span> <span class='ocrx_word' id='word_1_16' title='bbox 1002 1331 1194 1415; x_wconf 82' lang='lat' dir='ltr'><em>Rodulfum,</em></span> <span class='ocrx_word' id='word_1_17' title='bbox 1219 1329 1241 1370; x_wconf 78' lang='lat'><em>¹³·</em></span> <span class='ocrx_word' id='word_1_18' title='bbox 1258 1318 1310 1360; x_wconf 74' lang='lat'><em>⁶⁶²·</em></span> 
     </span>
     <span class='ocr_line' id='line_1_3' title="bbox 83 1413 1311 1499; baseline 0.004 -23"><span class='ocrx_word' id='word_1_19' title='bbox 83 1415 245 1477; x_wconf 81' lang='lat' dir='ltr'><em>Ludovici</em></span> <span class='ocrx_word' id='word_1_20' title='bbox 261 1415 492 1479; x_wconf 87' lang='lat' dir='ltr'><em>Transmarini</em></span> <span class='ocrx_word' id='word_1_21' title='bbox 506 1417 594 1499; x_wconf 81' lang='lat' dir='ltr'><em>repis</em></span> <span class='ocrx_word' id='word_1_22' title='bbox 609 1414 740 1478; x_wconf 91' lang='lat' dir='ltr'><em>militem</em></span> <span class='ocrx_word' id='word_1_23' title='bbox 755 1417 804 1477; x_wconf 85' lang='lat' dir='ltr'><em>*ot</em></span> <span class='ocrx_word' id='word_1_24' title='bbox 819 1413 1055 1478; x_wconf 77' lang='lat' dir='ltr'><em>consiliarium.</em></span> <span class='ocrx_word' id='word_1_25' title='bbox 1098 1416 1244 1481; x_wconf 63' lang='lat' dir='ltr'><em>Potens·</em></span> <span class='ocrx_word' id='word_1_26' title='bbox 1260 1432 1311 1473; x_wconf 75' lang='lat'><strong>⁵⁶2·</strong></span> 
     </span>
     <span class='ocr_line' id='line_1_4' title="bbox 84 1497 1193 1582; baseline 0.004 -21"><span class='ocrx_word' id='word_1_27' title='bbox 84 1497 230 1561; x_wconf 82' lang='lat' dir='ltr'><em>‘consilio</em></span> <span class='ocrx_word' id='word_1_28' title='bbox 259 1499 450 1577; x_wconf 82' lang='lat' dir='ltr'><em>commodus,</em></span> <span class='ocrx_word' id='word_1_29' title='bbox 472 1498 646 1582; x_wconf 81' lang='lat' dir='ltr'><em>facundia</em></span> <span class='ocrx_word' id='word_1_30' title='bbox 676 1497 822 1561; x_wconf 90' lang='lat' dir='ltr'><em>simulet</em></span> <span class='ocrx_word' id='word_1_31' title='bbox 845 1499 991 1562; x_wconf 81' lang='lat' dir='ltr'><em>audacia</em></span> <span class='ocrx_word' id='word_1_32' title='bbox 1012 1499 1193 1582; x_wconf 84' lang='lat' dir='ltr'><em>plurimus,</em></span> 
     </span>
     <span class='ocr_line' id='line_1_5' title="bbox 83 1581 1194 1664; baseline 0.004 -20"><span class='ocrx_word' id='word_1_33' title='bbox 83 1581 170 1644; x_wconf 88' lang='lat' dir='ltr'><em>unole</em></span> <span class='ocrx_word' id='word_1_34' title='bbox 192 1590 221 1643; x_wconf 89' lang='lat' dir='ltr'><em>et</em></span> <span class='ocrx_word' id='word_1_35' title='bbox 241 1603 300 1644; x_wconf 82' lang='lat' dir='ltr'><em>ren</em></span> <span class='ocrx_word' id='word_1_36' title='bbox 323 1581 497 1646; x_wconf 80' lang='lat' dir='ltr'><em>admodum</em></span> <span class='ocrx_word' id='word_1_37' title='bbox 520 1585 550 1646; x_wconf 88' lang='lat' dir='ltr'><em>ei</em></span> <span class='ocrx_word' id='word_1_38' title='bbox 573 1581 799 1646; x_wconf 78' lang='lat' dir='ltr'><em>consuescebat</em></span> <span class='ocrx_word' id='word_1_39' title='bbox 819 1591 848 1646; x_wconf 92' lang='lat' dir='ltr'><em>et</em></span> <span class='ocrx_word' id='word_1_40' title='bbox 870 1583 962 1664; x_wconf 83' lang='lat' dir='ltr'><em>apud</em></span> <span class='ocrx_word' id='word_1_41' title='bbox 983 1606 1055 1646; x_wconf 90' lang='lat' dir='ltr'><em>eum</em></span> <span class='ocrx_word' id='word_1_42' title='bbox 1070 1607 1125 1646; x_wconf 87' lang='lat' dir='ltr'><em>sae</em></span> <span class='ocrx_word' id='word_1_43' title='bbox 1152 1587 1194 1648; x_wconf 91' lang='lat' dir='ltr'><em>is·</em></span> 
     </span>
     <span class='ocr_line' id='line_1_6' title="bbox 83 1665 1193 1749; baseline 0.005 -23"><span class='ocrx_word' id='word_1_44' title='bbox 83 1667 161 1728; x_wconf 90' lang='lat' dir='ltr'><em>sime</em></span> <span class='ocrx_word' id='word_1_45' title='bbox 184 1665 406 1745; x_wconf 80' lang='lat' dir='ltr'><em>consultabat,&#39;</em></span> <span class='ocrx_word' id='word_1_46' title='bbox 428 1667 514 1729; x_wconf 90' lang='lat' dir='ltr'><em>inter</em></span> <span class='ocrx_word' id='word_1_47' title='bbox 530 1667 600 1730; x_wconf 91' lang='lat' dir='ltr'><em>alia</em></span> <span class='ocrx_word' id='word_1_48' title='bbox 615 1688 698 1749; x_wconf 79' lang='lat' dir='ltr'><em>quae</em></span> <span class='ocrx_word' id='word_1_49' title='bbox 710 1668 871 1748; x_wconf 86' lang='lat' dir='ltr'><em>patravit,</em></span> <span class='ocrx_word' id='word_1_50' title='bbox 895 1689 983 1729; x_wconf 91' lang='lat' dir='ltr'><em>anno</em></span> <span class='ocrx_word' id='word_1_51' title='bbox 999 1667 1070 1729; x_wconf 83' lang='lat'><em>949.</em></span> <span class='ocrx_word' id='word_1_52' title='bbox 1136 1690 1193 1731; x_wconf 88' lang='lat' dir='ltr'><em>au-</em></span> 
     </span>
     <span class='ocr_line' id='line_1_7' title="bbox 83 1748 1193 1836; baseline 0.005 -25"><span class='ocrx_word' id='word_1_53' title='bbox 83 1748 167 1812; x_wconf 89' lang='lat' dir='ltr'><em>oluni</em></span> <span class='ocrx_word' id='word_1_54' title='bbox 187 1749 344 1832; x_wconf 83' lang='lat' dir='ltr'><em>capiendi</em></span> <span class='ocrx_word' id='word_1_55' title='bbox 366 1749 513 1813; x_wconf 82' lang='lat' dir='ltr'><em>ordinem</em></span> <span class='ocrx_word' id='word_1_56' title='bbox 542 1751 579 1813; x_wconf 93' lang='lat' dir='ltr'><em>in</em></span> <span class='ocrx_word' id='word_1_57' title='bbox 606 1749 741 1813; x_wconf 90' lang='lat' dir='ltr'><em>consilio</em></span> <span class='ocrx_word' id='word_1_58' title='bbox 770 1772 805 1812; x_wconf 92' lang='lat' dir='ltr'><em>re</em></span> <span class='ocrx_word' id='word_1_59' title='bbox 829 1752 858 1813; x_wconf 93' lang='lat' dir='ltr'><em>is</em></span> <span class='ocrx_word' id='word_1_60' title='bbox 904 1753 1053 1834; x_wconf 88' lang='lat' dir='ltr'><em>roposuit</em></span> <span class='ocrx_word' id='word_1_61' title='bbox 1074 1760 1103 1814; x_wconf 91' lang='lat' dir='ltr'><em>et</em></span> <span class='ocrx_word' id='word_1_62' title='bbox 1123 1753 1193 1836; x_wconf 87' lang='lat' dir='ltr'><em>ipse</em></span> 
     </span>
     <span class='ocr_line' id='line_1_8' title="bbox 81 1773 1192 1920; baseline 0.005 -25"><span class='ocrx_word' id='word_1_63' title='bbox 81 1833 151 1895; x_wconf 80' lang='lat' dir='ltr'><em>dun</em></span> <span class='ocrx_word' id='word_1_64' title='bbox 163 1832 309 1915; x_wconf 79' lang='lat' dir='ltr'><em>feliciter</em></span> <span class='ocrx_word' id='word_1_65' title='bbox 330 1843 481 1897; x_wconf 82' lang='lat' dir='ltr'><em>saecutus</em></span> <span class='ocrx_word' id='word_1_66' title='bbox 504 1843 549 1896; x_wconf 93' lang='lat' dir='ltr'><em>est</em></span> <span class='ocrx_word' id='word_1_67' title='bbox 558 1843 580 1914; x_wconf 84' lang='lat'><em>²,</em></span> <span class='ocrx_word' id='word_1_68' title='bbox 604 1843 699 1918; x_wconf 81' lang='lat' dir='ltr'><em>atque</em></span> <span class='ocrx_word' id='word_1_69' title='bbox 715 1857 745 1896; x_wconf 90' lang='lat' dir='ltr'><em>a.</em></span> <span class='ocrx_word' id='word_1_70' title='bbox 761 1773 833 1898; x_wconf 70' lang='lat' dir='ltr'><em>sul.</em></span> <span class='ocrx_word' id='word_1_71' title='bbox 888 1834 1041 1920; x_wconf 75' lang='lat' dir='ltr'><em>erherpae</em></span> <span class='ocrx_word' id='word_1_72' title='bbox 1055 1836 1192 1919; x_wconf 75' lang='lat' dir='ltr'><em>rupinae</em></span> 
     </span>
     <span class='ocr_line' id='line_1_9' title="bbox 81 1915 1193 2003; baseline 0.004 -26"><span class='ocrx_word' id='word_1_73' title='bbox 81 1915 202 1978; x_wconf 83' lang='lat' dir='ltr'><em>sindon</em></span> <span class='ocrx_word' id='word_1_74' title='bbox 217 1917 357 1979; x_wconf 89' lang='lat' dir='ltr'><em>Montem</em></span> <span class='ocrx_word' id='word_1_75' title='bbox 371 1915 552 1995; x_wconf 83' lang='lat' dir='ltr'><em>Castriloci‚</em></span> <span class='ocrx_word' id='word_1_76' title='bbox 569 1917 771 1980; x_wconf 89' lang='lat' dir='ltr'><em>Hannoniae</em></span> <span class='ocrx_word' id='word_1_77' title='bbox 787 1926 895 2000; x_wconf 80' lang='lat' dir='ltr'><em>caput,</em></span> <span class='ocrx_word' id='word_1_78' title='bbox 910 1927 1008 1982; x_wconf 87' lang='lat' dir='ltr'><em>noctu</em></span> <span class='ocrx_word' id='word_1_79' title='bbox 1023 1940 1193 2003; x_wconf 80' lang='lat' dir='ltr'><em>enpupna-</em></span> 
     </span>
     <span class='ocr_line' id='line_1_10' title="bbox 81 1999 1195 2086; baseline 0.001 -24"><span class='ocrx_word' id='word_1_80' title='bbox 81 2001 127 2062; x_wconf 88' lang='lat' dir='ltr'><em>uit</em></span> <span class='ocrx_word' id='word_1_81' title='bbox 154 2009 183 2060; x_wconf 88' lang='lat' dir='ltr'><em>et</em></span> <span class='ocrx_word' id='word_1_82' title='bbox 203 2000 422 2084; x_wconf 77' lang='lat' dir='ltr'><em>Rapenerum,</em></span> <span class='ocrx_word' id='word_1_83' title='bbox 450 2003 507 2085; x_wconf 79' lang='lat' dir='ltr'><em>qui</em></span> <span class='ocrx_word' id='word_1_84' title='bbox 529 2002 664 2086; x_wconf 72' lang='lat' dir='ltr'><em>rupinae</em></span> <span class='ocrx_word' id='word_1_85' title='bbox 685 2002 833 2085; x_wconf 86' lang='lat' dir='ltr'><em>injurias</em></span> <span class='ocrx_word' id='word_1_86' title='bbox 854 1999 1019 2077; x_wconf 87' lang='lat' dir='ltr'><em>intulerat,</em></span> <span class='ocrx_word' id='word_1_87' title='bbox 1042 2024 1144 2065; x_wconf 85' lang='lat' dir='ltr'><em>unore</em></span> <span class='ocrx_word' id='word_1_88' title='bbox 1166 2011 1195 2064; x_wconf 89' lang='lat' dir='ltr'><em>et</em></span> 
     </span>
     <span class='ocr_line' id='line_1_11' title="bbox 80 2083 1192 2169; baseline 0.003 -24"><span class='ocrx_word' id='word_1_89' title='bbox 80 2083 191 2146; x_wconf 86' lang='lat' dir='ltr'><em>liheris</em></span> <span class='ocrx_word' id='word_1_90' title='bbox 224 2083 301 2146; x_wconf 83' lang='lat' dir='ltr'><em>inde</em></span> <span class='ocrx_word' id='word_1_91' title='bbox 335 2083 470 2165; x_wconf 81' lang='lat' dir='ltr'><em>allatis,</em></span> <span class='ocrx_word' id='word_1_92' title='bbox 508 2085 551 2147; x_wconf 77' lang='lat' dir='ltr'><em>ael</em></span> <span class='ocrx_word' id='word_1_93' title='bbox 584 2083 857 2168; x_wconf 82' lang='lat' dir='ltr'><em>satisfaciendum</em></span> <span class='ocrx_word' id='word_1_94' title='bbox 889 2088 1025 2168; x_wconf 80' lang='lat' dir='ltr'><em>repinoe</em></span> <span class='ocrx_word' id='word_1_95' title='bbox 1058 2089 1192 2169; x_wconf 54' lang='lat' dir='ltr'><em>coepit&amp;</em></span> 
     </span>
    </p>

    <p class='ocr_par' dir='ltr' id='par_1_2' title="bbox 70 2166 1224 2416">
     <span class='ocr_line' id='line_1_12' title="bbox 82 2166 1224 2251; baseline 0 -21"><span class='ocrx_word' id='word_1_96' title='bbox 82 2166 157 2230; x_wconf 90' lang='lat' dir='ltr'><em>Tali</em></span> <span class='ocrx_word' id='word_1_97' title='bbox 172 2175 272 2250; x_wconf 90' lang='lat' dir='ltr'><em>patre</em></span> <span class='ocrx_word' id='word_1_98' title='bbox 295 2166 415 2229; x_wconf 84' lang='lat' dir='ltr'><em>editum</em></span> <span class='ocrx_word' id='word_1_99' title='bbox 437 2176 466 2229; x_wconf 89' lang='lat' dir='ltr'><em>et</em></span> <span class='ocrx_word' id='word_1_100' title='bbox 480 2166 636 2230; x_wconf 85' lang='lat' dir='ltr'><em>Lothario</em></span> <span class='ocrx_word' id='word_1_101' title='bbox 658 2189 743 2251; x_wconf 79' lang='lat' dir='ltr'><em>repe,</em></span> <span class='ocrx_word' id='word_1_102' title='bbox 766 2169 824 2250; x_wconf 79' lang='lat' dir='ltr'><em>qui</em></span> <span class='ocrx_word' id='word_1_103' title='bbox 845 2166 978 2229; x_wconf 91' lang='lat' dir='ltr'><em>ultimus</em></span> <span class='ocrx_word' id='word_1_104' title='bbox 992 2168 1190 2231; x_wconf 90' lang='lat' dir='ltr'><em>Karolorum</em></span> <span class='ocrx_word' id='word_1_105' title='bbox 1221 2200 1224 2206; x_wconf 52' lang='lat'><strong><em>¹</em></strong></span> 
     </span>
     <span class='ocr_line' id='line_1_13' title="bbox 82 2248 1191 2334; baseline 0.002 -23"><span class='ocrx_word' id='word_1_106' title='bbox 82 2250 118 2312; x_wconf 80' lang='lat' dir='ltr'><em>cli</em></span> <span class='ocrx_word' id='word_1_107' title='bbox 142 2252 275 2312; x_wconf 87' lang='lat' dir='ltr'><em>nitatem</em></span> <span class='ocrx_word' id='word_1_108' title='bbox 302 2251 429 2334; x_wconf 79' lang='lat' dir='ltr'><em>repiam</em></span> <span class='ocrx_word' id='word_1_109' title='bbox 454 2252 540 2312; x_wconf 88' lang='lat' dir='ltr'><em>inter</em></span> <span class='ocrx_word' id='word_1_110' title='bbox 569 2248 650 2312; x_wconf 85' lang='lat' dir='ltr'><em>holla</em></span> <span class='ocrx_word' id='word_1_111' title='bbox 680 2250 792 2312; x_wconf 85' lang='lat' dir='ltr'><em>civilia</em></span> <span class='ocrx_word' id='word_1_112' title='bbox 822 2258 850 2312; x_wconf 91' lang='lat' dir='ltr'><em>et</em></span> <span class='ocrx_word' id='word_1_113' title='bbox 872 2258 1006 2312; x_wconf 80' lang='lat' dir='ltr'><em>antenna</em></span> <span class='ocrx_word' id='word_1_114' title='bbox 1028 2250 1120 2313; x_wconf 83' lang='lat' dir='ltr'><em>haud</em></span> <span class='ocrx_word' id='word_1_115' title='bbox 1141 2252 1191 2313; x_wconf 87' lang='lat' dir='ltr'><em>in-</em></span> 
     </span>
     <span class='ocr_line' id='line_1_14' title="bbox 70 2272 1190 2416; baseline 0.001 -22"><span class='ocrx_word' id='word_1_116' title='bbox 70 2272 220 2415; x_wconf 77' lang='lat' dir='ltr'><em>felhciter</em></span> <span class='ocrx_word' id='word_1_117' title='bbox 247 2334 413 2412; x_wconf 82' lang='lat' dir='ltr'><em>sustinuit,</em></span> <span class='ocrx_word' id='word_1_118' title='bbox 445 2331 603 2408; x_wconf 79' lang='lat' dir='ltr'><em>adultum,</em></span> <span class='ocrx_word' id='word_1_119' title='bbox 626 2333 802 2394; x_wconf 84' lang='lat' dir='ltr'><em>Richerum</em></span> <span class='ocrx_word' id='word_1_120' title='bbox 825 2332 933 2395; x_wconf 83' lang='lat' dir='ltr'><em>studio</em></span> <span class='ocrx_word' id='word_1_121' title='bbox 955 2333 1041 2415; x_wconf 80' lang='lat' dir='ltr'><em>rcpii</em></span> <span class='ocrx_word' id='word_1_122' title='bbox 1062 2335 1190 2416; x_wconf 78' lang='lat' dir='ltr'><em>pencris</em></span> 
     </span>
    </p>
   </div>
   <div class='ocr_carea' id='block_1_2' title="bbox 80 2413 1192 2560">
    <p class='ocr_par' dir='ltr' id='par_1_3' title="bbox 80 2413 1192 2560">
     <span class='ocr_line' id='line_1_15' title="bbox 80 2413 1192 2560; baseline 0.002 -84"><span class='ocrx_word' id='word_1_123' title='bbox 80 2424 108 2476; x_wconf 90' lang='lat' dir='ltr'><em>et</em></span> <span class='ocrx_word' id='word_1_124' title='bbox 124 2417 260 2497; x_wconf 86' lang='lat' dir='ltr'><em>patriae</em></span> <span class='ocrx_word' id='word_1_125' title='bbox 282 2436 389 2478; x_wconf 90' lang='lat' dir='ltr'><em>amore</em></span> <span class='ocrx_word' id='word_1_126' title='bbox 402 2415 572 2500; x_wconf 83' lang='lat' dir='ltr'><em>flaprasse</em></span> <span class='ocrx_word' id='word_1_127' title='bbox 594 2424 622 2477; x_wconf 86' lang='lat' dir='ltr'><em>ot</em></span> <span class='ocrx_word' id='word_1_128' title='bbox 636 2416 786 2499; x_wconf 91' lang='lat' dir='ltr'><em>primam</em></span> <span class='ocrx_word' id='word_1_129' title='bbox 806 2437 915 2478; x_wconf 89' lang='lat' dir='ltr'><em>rerum</em></span> <span class='ocrx_word' id='word_1_130' title='bbox 930 2413 1143 2560; x_wconf 68' lang='lat' dir='ltr'><em>publicarum</em></span> <span class='ocrx_word' id='word_1_131' title='bbox 1164 2426 1192 2478; x_wconf 90' lang='lat' dir='ltr'><em>et</em></span> 
     </span>
    </p>
   </div>
   <div class='ocr_carea' id='block_1_3' title="bbox 71 2497 1200 3918">
    <p class='ocr_par' dir='ltr' id='par_1_4' title="bbox 71 2497 1200 3918">
     <span class='ocr_line' id='line_1_16' title="bbox 81 2497 1193 2582; baseline 0.002 -23"><span class='ocrx_word' id='word_1_132' title='bbox 81 2499 164 2560; x_wconf 89' lang='lat' dir='ltr'><em>artis</em></span> <span class='ocrx_word' id='word_1_133' title='bbox 185 2497 340 2562; x_wconf 88' lang='lat' dir='ltr'><em>militaris</em></span> <span class='ocrx_word' id='word_1_134' title='bbox 356 2500 507 2572; x_wconf 84' lang='lat' dir='ltr'><em>notitiam</em></span> <span class='ocrx_word' id='word_1_135' title='bbox 522 2498 610 2562; x_wconf 84' lang='lat' dir='ltr'><em>domi</em></span> <span class='ocrx_word' id='word_1_136' title='bbox 624 2507 827 2562; x_wconf 89' lang='lat' dir='ltr'><em>consecutum</em></span> <span class='ocrx_word' id='word_1_137' title='bbox 842 2521 916 2578; x_wconf 86' lang='lat' dir='ltr'><em>esse,</em></span> <span class='ocrx_word' id='word_1_138' title='bbox 963 2499 1032 2561; x_wconf 91' lang='lat' dir='ltr'><em>auol</em></span> <span class='ocrx_word' id='word_1_139' title='bbox 1046 2499 1193 2582; x_wconf 76' lang='lat' dir='ltr'><em>estquod</em></span> 
     </span>
     <span class='ocr_line' id='line_1_17' title="bbox 80 2581 1192 2667; baseline -0.001 -22"><span class='ocrx_word' id='word_1_140' title='bbox 80 2583 218 2645; x_wconf 90' lang='lat' dir='ltr'><em>mireris.</em></span> <span class='ocrx_word' id='word_1_141' title='bbox 269 2581 396 2645; x_wconf 82' lang='lat' dir='ltr'><em>Ultimis</em></span> <span class='ocrx_word' id='word_1_142' title='bbox 424 2581 568 2646; x_wconf 89' lang='lat' dir='ltr'><em>Oolclrici</em></span> <span class='ocrx_word' id='word_1_143' title='bbox 591 2583 833 2666; x_wconf 89' lang='lat' dir='ltr'><em>archicpiscopi</em></span> <span class='ocrx_word' id='word_1_144' title='bbox 855 2583 993 2660; x_wconf 80' lang='lat' dir='ltr'><em>annis⁴,</em></span> <span class='ocrx_word' id='word_1_145' title='bbox 1026 2582 1074 2646; x_wconf 86' lang='lat' dir='ltr'><em>rel</em></span> <span class='ocrx_word' id='word_1_146' title='bbox 1106 2583 1192 2667; x_wconf 77' lang='lat' dir='ltr'><em>quoel</em></span> 
     </span>
     <span class='ocr_line' id='line_1_18' title="bbox 72 2663 1192 2750; baseline 0.001 -23"><span class='ocrx_word' id='word_1_147' title='bbox 72 2667 189 2749; x_wconf 88' lang='lat' dir='ltr'><em>potius</em></span> <span class='ocrx_word' id='word_1_148' title='bbox 201 2666 330 2728; x_wconf 85' lang='lat' dir='ltr'><em>creclam</em></span> <span class='ocrx_word' id='word_1_149' title='bbox 342 2664 544 2729; x_wconf 86' lang='lat' dir='ltr'><em>Aolalhcrone</em></span> <span class='ocrx_word' id='word_1_150' title='bbox 561 2667 671 2729; x_wconf 84' lang='lat' dir='ltr'><em>archis</em></span> <span class='ocrx_word' id='word_1_151' title='bbox 696 2668 817 2750; x_wconf 82' lang='lat' dir='ltr'><em>iscopo,</em></span> <span class='ocrx_word' id='word_1_152' title='bbox 832 2668 1064 2730; x_wconf 87' lang='lat' dir='ltr'><em>monasterium</em></span> <span class='ocrx_word' id='word_1_153' title='bbox 1075 2663 1192 2729; x_wconf 77' lang='lat' dir='ltr'><em>Sancti</em></span> 
     </span>
     <span class='ocr_line' id='line_1_19' title="bbox 79 2689 1190 2833; baseline 0.001 -21"><span class='ocrx_word' id='word_1_154' title='bbox 79 2749 224 2832; x_wconf 80' lang='lat' dir='ltr'><em>Remipii</em></span> <span class='ocrx_word' id='word_1_155' title='bbox 258 2750 404 2829; x_wconf 81' lang='lat' dir='ltr'><em>intrauit,</em></span> <span class='ocrx_word' id='word_1_156' title='bbox 436 2750 492 2813; x_wconf 88' lang='lat' dir='ltr'><em>uhi</em></span> <span class='ocrx_word' id='word_1_157' title='bbox 524 2749 582 2812; x_wconf 89' lang='lat' dir='ltr'><em>suh</em></span> <span class='ocrx_word' id='word_1_158' title='bbox 611 2689 747 2831; x_wconf 61' lang='lat' dir='ltr'><em>Rohuhh</em></span> <span class='ocrx_word' id='word_1_159' title='bbox 781 2750 903 2813; x_wconf 83' lang='lat' dir='ltr'><em>abbatis</em></span> <span class='ocrx_word' id='word_1_160' title='bbox 937 2749 1117 2833; x_wconf 83' lang='lat' dir='ltr'><em>disciplina</em></span> <span class='ocrx_word' id='word_1_161' title='bbox 1151 2750 1190 2813; x_wconf 89' lang='lat' dir='ltr'><em>ah</em></span> 
     </span>
     <span class='ocr_line' id='line_1_20' title="bbox 79 2831 1191 2932; baseline 0.002 -38"><span class='ocrx_word' id='word_1_162' title='bbox 79 2834 210 2932; x_wconf 73' lang='lat' dir='ltr'><em>eprspio</em></span> <span class='ocrx_word' id='word_1_163' title='bbox 232 2835 390 2917; x_wconf 74' lang='lat' dir='ltr'><em>mapistro</em></span> <span class='ocrx_word' id='word_1_164' title='bbox 406 2831 557 2895; x_wconf 78' lang='lat' dir='ltr'><em>Gcrhcrto</em></span> <span class='ocrx_word' id='word_1_165' title='bbox 579 2833 697 2896; x_wconf 89' lang='lat' dir='ltr'><em>litteris</em></span> <span class='ocrx_word' id='word_1_166' title='bbox 718 2835 907 2906; x_wconf 90' lang='lat' dir='ltr'><em>instructus,</em></span> <span class='ocrx_word' id='word_1_167' title='bbox 931 2833 1055 2896; x_wconf 90' lang='lat' dir='ltr'><em>artihas</em></span> <span class='ocrx_word' id='word_1_168' title='bbox 1077 2831 1191 2896; x_wconf 83' lang='lat' dir='ltr'><em>libera·</em></span> 
     </span>
     <span class='ocr_line' id='line_1_21' title="bbox 79 2914 1200 3001; baseline 0.003 -23"><span class='ocrx_word' id='word_1_169' title='bbox 79 2914 163 2979; x_wconf 79' lang='lat' dir='ltr'><em>libus</em></span> <span class='ocrx_word' id='word_1_170' title='bbox 199 2917 343 2980; x_wconf 83' lang='lat' dir='ltr'><em>studium</em></span> <span class='ocrx_word' id='word_1_171' title='bbox 380 2917 519 2979; x_wconf 81' lang='lat' dir='ltr'><em>advertit</em></span> <span class='ocrx_word' id='word_1_172' title='bbox 561 2916 769 3001; x_wconf 79' lang='lat' dir='ltr'><em>diversasque</em></span> <span class='ocrx_word' id='word_1_173' title='bbox 806 2916 1038 3001; x_wconf 71' lang='lat' dir='ltr'><em>philosophiae</em></span> <span class='ocrx_word' id='word_1_174' title='bbox 1072 2924 1200 3000; x_wconf 67' lang='lat' dir='ltr'><em>partes.</em></span> 
     </span>
     <span class='ocr_line' id='line_1_22' title="bbox 79 2998 1190 3145; baseline -0.001 -84"><span class='ocrx_word' id='word_1_175' title='bbox 79 3000 209 3063; x_wconf 82' lang='lat' dir='ltr'><em>edoctus</em></span> <span class='ocrx_word' id='word_1_176' title='bbox 238 3009 267 3062; x_wconf 89' lang='lat' dir='ltr'><em>et</em></span> <span class='ocrx_word' id='word_1_177' title='bbox 297 2999 442 3067; x_wconf 87' lang='lat' dir='ltr'><em>classicis</em></span> <span class='ocrx_word' id='word_1_178' title='bbox 468 3000 693 3064; x_wconf 81' lang='lat' dir='ltr'><em>Romanorum</em></span> <span class='ocrx_word' id='word_1_179' title='bbox 722 2999 946 3083; x_wconf 75' lang='lat' dir='ltr'><em>scriptoribus,</em></span> <span class='ocrx_word' id='word_1_180' title='bbox 961 2998 1190 3145; x_wconf 53' lang='lat' dir='ltr'><em>(philosophis,</em></span> 
     </span>
     <span class='ocr_line' id='line_1_23' title="bbox 73 3082 1189 3167; baseline 0 -22"><span class='ocrx_word' id='word_1_181' title='bbox 73 3083 192 3166; x_wconf 86' lang='lat' dir='ltr'><em>poetis,</em></span> <span class='ocrx_word' id='word_1_182' title='bbox 225 3083 398 3162; x_wconf 76' lang='lat' dir='ltr'><em>historicis,</em></span> <span class='ocrx_word' id='word_1_183' title='bbox 432 3085 677 3167; x_wconf 79' lang='lat' dir='ltr'><em>cosmoprophis</em></span> <span class='ocrx_word' id='word_1_184' title='bbox 709 3083 860 3162; x_wconf 76' lang='lat' dir='ltr'><em>taturus,</em></span> <span class='ocrx_word' id='word_1_185' title='bbox 894 3091 929 3145; x_wconf 91' lang='lat' dir='ltr'><em>ut</em></span> <span class='ocrx_word' id='word_1_186' title='bbox 984 3105 1000 3146; x_wconf 88' lang='lat' dir='ltr'><em>e</em></span> <span class='ocrx_word' id='word_1_187' title='bbox 1032 3082 1189 3146; x_wconf 88' lang='lat' dir='ltr'><em>monacho</em></span> 
     </span>
     <span class='ocr_line' id='line_1_24' title="bbox 80 3164 1188 3249; baseline 0 -23"><span class='ocrx_word' id='word_1_188' title='bbox 80 3166 213 3249; x_wconf 88' lang='lat' dir='ltr'><em>sperari</em></span> <span class='ocrx_word' id='word_1_189' title='bbox 229 3175 370 3248; x_wconf 88' lang='lat' dir='ltr'><em>poterat,</em></span> <span class='ocrx_word' id='word_1_190' title='bbox 401 3168 524 3228; x_wconf 88' lang='lat' dir='ltr'><em>sanctis</em></span> <span class='ocrx_word' id='word_1_191' title='bbox 542 3166 697 3249; x_wconf 83' lang='lat' dir='ltr'><em>patribus</em></span> <span class='ocrx_word' id='word_1_192' title='bbox 719 3169 815 3230; x_wconf 88' lang='lat' dir='ltr'><em>etiam</em></span> <span class='ocrx_word' id='word_1_193' title='bbox 838 3176 868 3228; x_wconf 88' lang='lat' dir='ltr'><em>et</em></span> <span class='ocrx_word' id='word_1_194' title='bbox 889 3166 1072 3230; x_wconf 79' lang='lat' dir='ltr'><em>canonibus</em></span> <span class='ocrx_word' id='word_1_195' title='bbox 1094 3164 1188 3230; x_wconf 89' lang='lat' dir='ltr'><em>eccle-</em></span> 
     </span>
     <span class='ocr_line' id='line_1_25' title="bbox 79 3247 1189 3334; baseline 0.001 -24"><span class='ocrx_word' id='word_1_196' title='bbox 79 3249 223 3312; x_wconf 87' lang='lat' dir='ltr'><em>siasticis</em></span> <span class='ocrx_word' id='word_1_197' title='bbox 245 3247 390 3334; x_wconf 81' lang='lat' dir='ltr'><em>lepenolis</em></span> <span class='ocrx_word' id='word_1_198' title='bbox 413 3270 545 3332; x_wconf 87' lang='lat' dir='ltr'><em>operam</em></span> <span class='ocrx_word' id='word_1_199' title='bbox 567 3249 686 3311; x_wconf 63' lang='lat' dir='ltr'><em>aeota.</em></span> <span class='ocrx_word' id='word_1_200' title='bbox 729 3251 815 3313; x_wconf 65' lang='lat' dir='ltr'><em>Erat</em></span> <span class='ocrx_word' id='word_1_201' title='bbox 831 3258 908 3313; x_wconf 91' lang='lat' dir='ltr'><em>tunc</em></span> <span class='ocrx_word' id='word_1_202' title='bbox 922 3249 1097 3313; x_wconf 82' lang='lat' dir='ltr'><em>Remorum</em></span> <span class='ocrx_word' id='word_1_203' title='bbox 1112 3248 1189 3311; x_wconf 83' lang='lat' dir='ltr'><em>urbs</em></span> 
     </span>
     <span class='ocr_line' id='line_1_26' title="bbox 80 3331 1188 3416; baseline -0.001 -23"><span class='ocrx_word' id='word_1_204' title='bbox 80 3341 115 3393; x_wconf 92' lang='lat' dir='ltr'><em>ut</em></span> <span class='ocrx_word' id='word_1_205' title='bbox 136 3333 222 3394; x_wconf 88' lang='lat' dir='ltr'><em>inter</em></span> <span class='ocrx_word' id='word_1_206' title='bbox 238 3331 367 3394; x_wconf 74' lang='lat' dir='ltr'><em>Galliae</em></span> <span class='ocrx_word' id='word_1_207' title='bbox 389 3333 535 3394; x_wconf 87' lang='lat' dir='ltr'><em>ciuitates</em></span> <span class='ocrx_word' id='word_1_208' title='bbox 551 3331 591 3394; x_wconf 87' lang='lat' dir='ltr'><em>ah</em></span> <span class='ocrx_word' id='word_1_209' title='bbox 608 3333 743 3414; x_wconf 78' lang='lat' dir='ltr'><em>antiquo</em></span> <span class='ocrx_word' id='word_1_210' title='bbox 759 3333 853 3396; x_wconf 90' lang='lat' dir='ltr'><em>claro</em></span> <span class='ocrx_word' id='word_1_211' title='bbox 875 3342 902 3395; x_wconf 89' lang='lat' dir='ltr'><em>et</em></span> <span class='ocrx_word' id='word_1_212' title='bbox 917 3337 1070 3416; x_wconf 90' lang='lat' dir='ltr'><em>primatu</em></span> <span class='ocrx_word' id='word_1_213' title='bbox 1086 3353 1188 3416; x_wconf 91' lang='lat' dir='ltr'><em>prae-</em></span> 
     </span>
     <span class='ocr_line' id='line_1_27' title="bbox 78 3414 1184 3500; baseline -0.001 -22"><span class='ocrx_word' id='word_1_214' title='bbox 78 3414 160 3492; x_wconf 87' lang='lat' dir='ltr'><em>sulis</em></span> <span class='ocrx_word' id='word_1_215' title='bbox 188 3416 342 3500; x_wconf 80' lang='lat' dir='ltr'><em>insipnis‚</em></span> <span class='ocrx_word' id='word_1_216' title='bbox 375 3417 425 3478; x_wconf 91' lang='lat' dir='ltr'><em>ita</em></span> <span class='ocrx_word' id='word_1_217' title='bbox 453 3414 671 3478; x_wconf 84' lang='lat' dir='ltr'><em>Adalheronis</em></span> <span class='ocrx_word' id='word_1_218' title='bbox 697 3417 855 3500; x_wconf 79' lang='lat' dir='ltr'><em>repimine</em></span> <span class='ocrx_word' id='word_1_219' title='bbox 883 3416 1054 3480; x_wconf 84' lang='lat' dir='ltr'><em>nobilitata</em></span> <span class='ocrx_word' id='word_1_220' title='bbox 1086 3435 1184 3498; x_wconf 77' lang='lat' dir='ltr'><em>eoque</em></span> 
     </span>
     <span class='ocr_line' id='line_1_28' title="bbox 78 3497 1189 3582; baseline -0.002 -20"><span class='ocrx_word' id='word_1_221' title='bbox 78 3520 146 3562; x_wconf 95' lang='lat' dir='ltr'><em>non</em></span> <span class='ocrx_word' id='word_1_222' title='bbox 179 3500 288 3562; x_wconf 89' lang='lat' dir='ltr'><em>minus</em></span> <span class='ocrx_word' id='word_1_223' title='bbox 320 3497 475 3582; x_wconf 88' lang='lat' dir='ltr'><em>enemplis</em></span> <span class='ocrx_word' id='word_1_224' title='bbox 508 3521 605 3581; x_wconf 82' lang='lat' dir='ltr'><em>quam</em></span> <span class='ocrx_word' id='word_1_225' title='bbox 642 3499 793 3564; x_wconf 80' lang='lat' dir='ltr'><em>eloctrina</em></span> <span class='ocrx_word' id='word_1_226' title='bbox 830 3501 950 3562; x_wconf 89' lang='lat' dir='ltr'><em>animis</em></span> <span class='ocrx_word' id='word_1_227' title='bbox 985 3498 1189 3582; x_wconf 81' lang='lat' dir='ltr'><em>moribusque</em></span> 
     </span>
     <span class='ocr_line' id='line_1_29' title="bbox 71 3581 1190 3668; baseline -0.004 -22"><span class='ocrx_word' id='word_1_228' title='bbox 71 3585 232 3668; x_wconf 82' lang='lat' dir='ltr'><em>juvenum</em></span> <span class='ocrx_word' id='word_1_229' title='bbox 253 3581 450 3666; x_wconf 80' lang='lat' dir='ltr'><em>formandis</em></span> <span class='ocrx_word' id='word_1_230' title='bbox 483 3582 608 3647; x_wconf 81' lang='lat' dir='ltr'><em>valida.</em></span> <span class='ocrx_word' id='word_1_231' title='bbox 660 3582 821 3646; x_wconf 82' lang='lat' dir='ltr'><em>Richerus</em></span> <span class='ocrx_word' id='word_1_232' title='bbox 853 3584 958 3667; x_wconf 82' lang='lat' dir='ltr'><em>ipitur</em></span> <span class='ocrx_word' id='word_1_233' title='bbox 989 3583 1129 3645; x_wconf 86' lang='lat' dir='ltr'><em>bonitate</em></span> <span class='ocrx_word' id='word_1_234' title='bbox 1162 3589 1190 3643; x_wconf 88' lang='lat' dir='ltr'><em>ot</em></span> 
     </span>
     <span class='ocr_line' id='line_1_30' title="bbox 77 3664 1189 3752; baseline -0.004 -22"><span class='ocrx_word' id='word_1_235' title='bbox 77 3668 211 3752; x_wconf 81' lang='lat' dir='ltr'><em>inpenio</em></span> <span class='ocrx_word' id='word_1_236' title='bbox 235 3667 410 3729; x_wconf 87' lang='lat' dir='ltr'><em>amicitiam</em></span> <span class='ocrx_word' id='word_1_237' title='bbox 433 3664 580 3730; x_wconf 76' lang='lat' dir='ltr'><em>Gerherti</em></span> <span class='ocrx_word' id='word_1_238' title='bbox 608 3665 670 3730; x_wconf 87' lang='lat' dir='ltr'><em>sihi</em></span> <span class='ocrx_word' id='word_1_239' title='bbox 697 3667 910 3750; x_wconf 85' lang='lat' dir='ltr'><em>comparavit,</em></span> <span class='ocrx_word' id='word_1_240' title='bbox 939 3667 1034 3745; x_wconf 83' lang='lat' dir='ltr'><em>‘viri&#39;‚</em></span> <span class='ocrx_word' id='word_1_241' title='bbox 1061 3673 1097 3727; x_wconf 92' lang='lat' dir='ltr'><em>ut</em></span> <span class='ocrx_word' id='word_1_242' title='bbox 1118 3665 1189 3726; x_wconf 87' lang='lat' dir='ltr'><em>o&#39;us</em></span> 
     </span>
     <span class='ocr_line' id='line_1_31' title="bbox 78 3745 1188 3848; baseline -0.004 -35"><span class='ocrx_word' id='word_1_243' title='bbox 78 3750 285 3830; x_wconf 68' lang='lat' dir='ltr'><em>oerhis&#39;utor,</em></span> <span class='ocrx_word' id='word_1_244' title='bbox 308 3757 372 3812; x_wconf 79' lang='lat' dir='ltr'><em>‘ma</em></span> <span class='ocrx_word' id='word_1_245' title='bbox 396 3751 434 3812; x_wconf 88' lang='lat' dir='ltr'><em>ni</em></span> <span class='ocrx_word' id='word_1_246' title='bbox 454 3751 584 3848; x_wconf 76' lang='lat' dir='ltr'><em>inpenii</em></span> <span class='ocrx_word' id='word_1_247' title='bbox 606 3773 644 3812; x_wconf 89' lang='lat' dir='ltr'><em>ac</em></span> <span class='ocrx_word' id='word_1_248' title='bbox 661 3752 739 3814; x_wconf 91' lang='lat' dir='ltr'><em>miri</em></span> <span class='ocrx_word' id='word_1_249' title='bbox 761 3751 890 3833; x_wconf 81' lang='lat' dir='ltr'><em>eloquii,</em></span> <span class='ocrx_word' id='word_1_250' title='bbox 912 3771 975 3833; x_wconf 79' lang='lat' dir='ltr'><em>quo</em></span> <span class='ocrx_word' id='word_1_251' title='bbox 990 3745 1102 3812; x_wconf 64' lang='lat' dir='ltr'><em>totali</em></span> <span class='ocrx_word' id='word_1_252' title='bbox 1149 3749 1188 3809; x_wconf 90' lang='lat' dir='ltr'><em>ia</em></span> 
     </span>
     <span class='ocr_line' id='line_1_32' title="bbox 79 3772 1186 3918; baseline -0.005 -21"><span class='ocrx_word' id='word_1_253' title='bbox 79 3835 150 3898; x_wconf 87' lang='lat' dir='ltr'><em>acsi</em></span> <span class='ocrx_word' id='word_1_254' title='bbox 170 3833 305 3898; x_wconf 87' lang='lat' dir='ltr'><em>lucerna</em></span> <span class='ocrx_word' id='word_1_255' title='bbox 322 3772 455 3896; x_wconf 72' lang='lat' dir='ltr'><em>arelente</em></span> <span class='ocrx_word' id='word_1_256' title='bbox 470 3833 678 3897; x_wconf 89' lang='lat' dir='ltr'><em>mhrahunola</em></span> <span class='ocrx_word' id='word_1_257' title='bbox 692 3833 842 3918; x_wconf 78' lang='lat' dir='ltr'><em>refulsit.</em></span> <span class='ocrx_word' id='word_1_258' title='bbox 888 3830 954 3905; x_wconf 82' lang='lat' dir='ltr'><em>Qui</em></span> <span class='ocrx_word' id='word_1_259' title='bbox 972 3854 1049 3896; x_wconf 86' lang='lat' dir='ltr'><em>cum.</em></span> <span class='ocrx_word' id='word_1_260' title='bbox 1060 3831 1186 3894; x_wconf 89' lang='lat' dir='ltr'><em>intimis</em></span> 
     </span>
    </p>
   </div>
   <div class='ocr_carea' id='block_1_4' title="bbox 77 3991 1187 4354">
    <p class='ocr_par' dir='ltr' id='par_1_5' title="bbox 77 3991 1187 4354">
     <span class='ocr_line' id='line_1_33' title="bbox 152 3991 1187 4062; baseline -0.001 -18"><span class='ocrx_word' id='word_1_261' title='bbox 152 3992 180 4060; x_wconf 90' lang='lat'><em>1)</em></span> <span class='ocrx_word' id='word_1_262' title='bbox 199 3995 329 4060; x_wconf 81' lang='lat' dir='ltr'><em>Prologus</em></span> <span class='ocrx_word' id='word_1_263' title='bbox 355 3996 442 4062; x_wconf 90' lang='lat' dir='ltr'><em>operis</em></span> <span class='ocrx_word' id='word_1_264' title='bbox 468 4001 495 4046; x_wconf 89' lang='lat' dir='ltr'><em>et</em></span> <span class='ocrx_word' id='word_1_265' title='bbox 517 3995 564 4046; x_wconf 90' lang='lat' dir='ltr'><em>lib.</em></span> <span class='ocrx_word' id='word_1_266' title='bbox 585 3996 632 4058; x_wconf 88' lang='lat' dir='ltr'><em>IV,</em></span> <span class='ocrx_word' id='word_1_267' title='bbox 653 3997 697 4046; x_wconf 77' lang='lat'><em>50.</em></span> <span class='ocrx_word' id='word_1_268' title='bbox 762 3991 806 4058; x_wconf 66' lang='lat'><em>2)</em></span> <span class='ocrx_word' id='word_1_269' title='bbox 825 3994 862 4060; x_wconf 85' lang='lat'><em>11,</em></span> <span class='ocrx_word' id='word_1_270' title='bbox 883 3992 1000 4044; x_wconf 80' lang='lat'><em>87-91.</em></span> <span class='ocrx_word' id='word_1_271' title='bbox 1083 3991 1113 4057; x_wconf 88' lang='grc'><em>3)</em></span> <span class='ocrx_word' id='word_1_272' title='bbox 1133 3991 1187 4056; x_wconf 85' lang='grc' dir='ltr'>ΙΙΙ,</span> 
     </span>
     <span class='ocr_line' id='line_1_34' title="bbox 78 4065 1183 4133; baseline -0.001 -16"><span class='ocrx_word' id='word_1_273' title='bbox 78 4069 176 4120; x_wconf 85' lang='grc'><strong>6-10.</strong></span> <span class='ocrx_word' id='word_1_274' title='bbox 252 4065 281 4133; x_wconf 78' lang='grc'><em>4)</em></span> <span class='ocrx_word' id='word_1_275' title='bbox 302 4068 381 4119; x_wconf 83' lang='lat' dir='ltr'><em>Certe</em></span> <span class='ocrx_word' id='word_1_276' title='bbox 400 4067 472 4120; x_wconf 84' lang='lat' dir='ltr'><em>haud</em></span> <span class='ocrx_word' id='word_1_277' title='bbox 491 4075 552 4119; x_wconf 84' lang='lat' dir='ltr'><em>ante</em></span> <span class='ocrx_word' id='word_1_278' title='bbox 572 4084 669 4119; x_wconf 84' lang='lat' dir='ltr'><em>annum</em></span> <span class='ocrx_word' id='word_1_279' title='bbox 689 4067 756 4130; x_wconf 77' lang='lat'><strong>9663</strong></span> <span class='ocrx_word' id='word_1_280' title='bbox 784 4084 845 4118; x_wconf 86' lang='lat' dir='ltr'><em>nam</em></span> <span class='ocrx_word' id='word_1_281' title='bbox 864 4065 1045 4118; x_wconf 84' lang='lat' dir='ltr'><em>Flodosrdum</em></span> <span class='ocrx_word' id='word_1_282' title='bbox 1064 4081 1117 4119; x_wconf 89' lang='lat' dir='ltr'><em>non</em></span> <span class='ocrx_word' id='word_1_283' title='bbox 1136 4081 1183 4116; x_wconf 90' lang='lat' dir='ltr'><em>no·</em></span> 
     </span>
     <span class='ocr_line' id='line_1_35' title="bbox 77 4138 1187 4209; baseline -0.006 -15"><span class='ocrx_word' id='word_1_284' title='bbox 77 4143 148 4194; x_wconf 88' lang='lat' dir='ltr'><em>visse</em></span> <span class='ocrx_word' id='word_1_285' title='bbox 167 4141 286 4204; x_wconf 82' lang='lat' dir='ltr'><em>videtur3</em></span> <span class='ocrx_word' id='word_1_286' title='bbox 307 4142 340 4192; x_wconf 82' lang='lat' dir='ltr'><em>cf.</em></span> <span class='ocrx_word' id='word_1_287' title='bbox 359 4141 506 4208; x_wconf 79' lang='lat' dir='ltr'><em>prologum.</em></span> <span class='ocrx_word' id='word_1_288' title='bbox 581 4139 611 4207; x_wconf 78' lang='grc' dir='ltr'><em>ὃ)</em></span> <span class='ocrx_word' id='word_1_289' title='bbox 630 4143 652 4209; x_wconf 83' lang='grc' dir='ltr'><em>Ι,</em></span> <span class='ocrx_word' id='word_1_290' title='bbox 672 4142 698 4191; x_wconf 88' lang='grc'><em>3.</em></span> <span class='ocrx_word' id='word_1_291' title='bbox 736 4142 914 4205; x_wconf 80' lang='lat' dir='ltr'><em>Hieronymus</em></span> <span class='ocrx_word' id='word_1_292' title='bbox 934 4144 961 4189; x_wconf 86' lang='lat' dir='ltr'><em>et</em></span> <span class='ocrx_word' id='word_1_293' title='bbox 979 4138 1113 4204; x_wconf 81' lang='lat' dir='ltr'><em>Sulpicius</em></span> <span class='ocrx_word' id='word_1_294' title='bbox 1132 4154 1187 4188; x_wconf 87' lang='lat' dir='ltr'><em>me-</em></span> 
     </span>
     <span class='ocr_line' id='line_1_36' title="bbox 77 4211 1187 4280; baseline -0.006 -13"><span class='ocrx_word' id='word_1_295' title='bbox 77 4219 220 4278; x_wconf 79' lang='lat' dir='ltr'><em>morantur,</em></span> <span class='ocrx_word' id='word_1_296' title='bbox 239 4215 292 4279; x_wconf 86' lang='lat'>111,</span> <span class='ocrx_word' id='word_1_297' title='bbox 307 4214 341 4264; x_wconf 86' lang='grc'><em>46</em></span> <span class='ocrx_word' id='word_1_298' title='bbox 355 4231 413 4280; x_wconf 91' lang='lat' dir='ltr'><em>sqq.</em></span> <span class='ocrx_word' id='word_1_299' title='bbox 435 4220 557 4266; x_wconf 80' lang='lat' dir='ltr'><em>auctores</em></span> <span class='ocrx_word' id='word_1_300' title='bbox 577 4214 704 4266; x_wconf 82' lang='lat' dir='ltr'><em>classicos</em></span> <span class='ocrx_word' id='word_1_301' title='bbox 724 4214 883 4264; x_wconf 82' lang='lat' dir='ltr'><em>uGerberto</em></span> <span class='ocrx_word' id='word_1_302' title='bbox 903 4211 1036 4263; x_wconf 75' lang='lat' dir='ltr'><em>adhibitos</em></span> <span class='ocrx_word' id='word_1_303' title='bbox 1055 4215 1187 4262; x_wconf 82' lang='lat' dir='ltr'><em>recenset.</em></span> 
     </span>
     <span class='ocr_line' id='line_1_37' title="bbox 78 4287 1015 4354; baseline -0.004 -14"><span class='ocrx_word' id='word_1_304' title='bbox 78 4287 233 4347; x_wconf 77' lang='lat' dir='ltr'><em>Sallustium</em></span> <span class='ocrx_word' id='word_1_305' title='bbox 253 4287 396 4353; x_wconf 84' lang='lat' dir='ltr'><em>diligenter</em></span> <span class='ocrx_word' id='word_1_306' title='bbox 414 4287 481 4354; x_wconf 85' lang='lat' dir='ltr'><em>legit</em></span> <span class='ocrx_word' id='word_1_307' title='bbox 500 4289 610 4350; x_wconf 88' lang='lat' dir='ltr'><em>eiusque</em></span> <span class='ocrx_word' id='word_1_308' title='bbox 629 4287 717 4338; x_wconf 85' lang='lat' dir='ltr'><em>verbis</em></span> <span class='ocrx_word' id='word_1_309' title='bbox 736 4302 788 4338; x_wconf 83' lang='lat' dir='ltr'><em>non</em></span> <span class='ocrx_word' id='word_1_310' title='bbox 807 4302 866 4336; x_wconf 80' lang='lat' dir='ltr'><em>raro</em></span> <span class='ocrx_word' id='word_1_311' title='bbox 886 4302 948 4336; x_wconf 90' lang='lat' dir='ltr'><em>usus</em></span> <span class='ocrx_word' id='word_1_312' title='bbox 968 4289 1015 4336; x_wconf 88' lang='lat' dir='ltr'><em>est.</em></span> 
     </span>
    </p>
   </div>
   <div class='ocr_carea' id='block_1_5' title="bbox 0 0 1414 4824">
    <p class='ocr_par' dir='ltr' id='par_1_6' title="bbox 0 0 1414 4824">
     <span class='ocr_line' id='line_1_38' title="bbox 0 0 1414 4824; baseline 0 0"><span class='ocrx_word' id='word_1_313' title='bbox 0 0 1414 4824; x_wconf 95' lang='lat' dir='ltr'><em> </em></span> 
     </span>
    </p>
   </div>
  </div>
 </body>
</html>
