2820 4824
233 389 267 436 se
435 372 446 394 '
496 383 647 434 aronam
667 382 921 434 nrsroumuuu
940 383 1052 433 arana
1072 384 1093 433 1.

172 555 304 619 ⁹³1·Rex
325 552 471 637 partibus
488 551 649 614 Heriberti
672 551 758 614 cives
780 548 887 614 favere
902 547 1089 633 intelligens,
1113 547 1249 614 collecto
1267 574 1356 614 exer-

232 639 307 717 citu,
335 637 448 701 urbem
475 636 660 720 repentinus
690 633 883 718 agreditur.
937 633 1129 718 ingredique
1160 633 1355 718 prohibitus,

234 719 433 785 obsidionem
460 719 602 804 applicat
620 740 657 781 ac
673 657 831 782 urbanosa
852 718 1034 781 resistentes
1048 716 1191 780 fervidus
1207 717 1354 804 adurget.

234 805 300 884 Qui
328 802 429 867 multa
457 803 696 888 expugnatione
724 803 843 879 vexati,
874 802 974 864 tercia
1005 800 1134 865 tandem
1170 800 1355 867 ebdomada

233 898 341 971 portas
364 888 440 950 vieti
462 897 493 952 et
515 884 676 971 supplices
699 907 863 970 aperuere.
895 885 1126 970 Ingressusque
1149 885 1265 950 urbem
1288 909 1353 966 rex,

232 982 307 1056 post
318 970 467 1034 nonnulla
479 970 644 1055 disposita,
654 967 768 1032 collato
778 991 851 1032 cnm
858 970 923 1032 suis
934 967 1075 1050 consilio,
1084 969 1172 1032 cives
1181 971 1323 1034 accersit
1331 973 1352 1032 l.

112 1128 171 1170 ¹101.
188 1131 222 1170 ιι.
276 1109 326 1172 60.
360 1109 492 1174 *Oratio
514 1106 644 1172 Rodulfi
664 1108 749 1192 regis
772 1107 833 1171 adc
857 1108 944 1171 cives
966 1107 1162 1170 Remensesc
1184 1129 1245 1192 pro
1271 1131 1305 1173 se

706 1193 849 1254 suasoria
858 1203 879 1253 ⁰.

318 1295 499 1380 Coramque
529 1295 573 1357 sio
604 1294 804 1357 contionatus
848 1293 907 1355 ait:
944 1291 1158 1374 ‘Quantum’d,
1192 1295 1350 1379 inquiens,

233 1377 361 1460 ‘caedis
385 1388 540 1464 quantum
562 1377 659 1441 etiam
678 1377 863 1462 rapinarum
885 1398 936 1440 res
955 1375 1105 1461 publicae
1128 1376 1271 1442 factione
1291 1401 1351 1442 ma-

233 1460 336 1526 lorum
358 1484 461 1546 nuper
481 1482 578 1546 passa
605 1462 654 1542 sit,
683 1462 812 1546 optime,
844 1470 880 1524 ut
901 1470 990 1545 puto,
1011 1460 1121 1524 nostis.
1164 1459 1240 1524 Non
1270 1463 1351 1527 enim

232 1546 302 1610 fieri
317 1547 431 1630 potuit,
460 1555 505 1625 ut,
527 1553 574 1608 tot
599 1543 691 1607 malis
719 1545 838 1642 ubique
905 1545 1096 1626 assantibus,
1125 1545 1238 1608 intacti
1267 1547 1351 1631 peni-

233 1637 350 1714 tusque
364 1629 522 1692 immunes
538 1625 803 1714 relinquereminr.
878 1650 931 1690 am
953 1649 1026 1691 cum
1048 1636 1155 1692 vestra
1173 1631 1352 1694 necessaria

235 1734 312 1796 sepe
328 1712 395 1776 dire
419 1720 461 1792 ta,
492 1733 568 1797 sepe
596 1713 763 1776 combusta
792 1711 864 1792 sint,
894 1733 1005 1775 eorum
1034 1711 1250 1776 calamitatem
1280 1712 1351 1778 tole-

234 1796 338 1859 rastis.
386 1735 429 1859 tlt
456 1815 520 1858 non
543 1795 645 1858 solum
666 1794 795 1880 publica
818 1795 968 1876 exterius,
991 1805 1025 1859 at
1045 1795 1098 1859 hic
1117 1797 1249 1893 privata
1271 1797 1351 1862 bona

235 1880 426 1943 intrinsecus
440 1901 460 1942 a
476 1879 639 1944 sevissimo
662 1889 812 1943 exactore
835 1879 1006 1943 Heriberto
1029 1877 1145 1943 cotidie
1160 1881 1351 1944 imminuun-

235 1972 296 2026 tur.
330 1962 424 2027 Unde
447 1971 479 2027 et
500 1962 591 2027 vobis
614 1962 844 2027 consulendum
867 1961 1012 2044 arbitror,
1034 1973 1070 2027 ut
1084 1972 1249 2048 pastorem
1262 1963 1351 2029 vobis

236 2047 440 2111 commodum
470 2047 652 2113 conibentia
684 2048 846 2111 communi
879 2045 1013 2132 eligatis,
1046 2068 1120 2110 cum
1153 2045 1207 2110 ille
1238 2049 1351 2112 tiranni

234 2130 318 2195 filius
344 2131 448 2196 adhuc
474 2131 647 2197 infantulus
676 2130 767 2195 vobis
799 2130 935 2194 idoneus
962 2152 1027 2194 non
1057 2132 1106 2212 sit,
1139 2152 1178 2194 ac
1200 2133 1350 2196 canonica

235 2217 407 2280 auctoritas
428 2238 544 2281 vacare
566 2215 754 2281 aecclesiam
776 2222 905 2300 pastore
927 2223 1014 2278 tanto
1036 2223 1180 2298 tempore
1202 2238 1270 2280 non
1283 2239 1348 2302 per·

235 2301 348 2364 mittat.
400 2301 468 2365 Nec
501 2299 667 2365 dedecoris
700 2301 874 2385 quicquam
901 2300 935 2360 in
961 2319 1018 2362 vos
1047 2297 1253 2383 redundabit,
1280 2321 1347 2364 cum

235 2382 365 2449 militari
387 2383 539 2448 violentia
555 2385 661 2449 victos
683 2394 715 2448 et
737 2393 847 2468 captos
870 2379 933 2445 alia
955 2383 1046 2468 sequi
1075 2383 1251 2448 necessitas
1279 2382 1351 2448 vosf

241 2467 405 2552 adurgeat.
455 2467 524 2532 Nec
555 2490 613 2532 vos
645 2468 748 2530 fateor
776 2476 913 2547 tantum,
948 2474 1101 2552 qnantum
1136 2488 1195 2550 ego
1229 2468 1264 2530 in
1295 2467 1352 2531 hoc

236 2553 365 2636 negotio
395 2551 550 2614 oberravi.
598 2551 710 2635 Itaque
739 2550 851 2613 fecisse
880 2573 931 2614 me
961 2550 1091 2635 penitet.
1145 2550 1294 2617 Peniteat
1325 2560 1353 2615 et

236 2655 294 2698 vos
328 2643 506 2697 vestratum
541 2654 647 2696 rerum
682 2632 887 2718 dispendium
918 2635 1092 2719 peregisse.
1135 2633 1294 2700 Reducite
1322 2637 1353 2698 in

237 2725 386 2798 mentem,
410 2725 530 2800 quanta
550 2737 608 2779 vos
631 2715 792 2780 calamitas
815 2716 965 2781 affecerit.
1010 2716 1217 2782 Considerate
1249 2720 1352 2800 etiam,

237 2811 355 2884 quanto
377 2799 591 2863 secundarum
612 2821 718 2864 rerum
740 2821 894 2864 successu
908 2799 1042 2886 provehi
1057 2802 1199 2886 possitis,
1222 2803 1251 2866 si
1269 2803 1352 2868 bono

238 2890 373 2968 pastore
387 2883 560 2968 regamini.

604 3003 654 3066 61.
686 3001 810 3068 Electio
833 3002 988 3068 Artoldis.

323 3103 420 3168 Cives
447 3104 488 3168 ab
517 3125 592 3189 rege
617 3105 713 3186 suasi,
742 3107 836 3170 iussis
858 3107 955 3191 regiis
981 3105 1169 3171 concedunt.
1201 3108 1353 3173 Artoldns

238 3189 346 3274 itaque
369 3186 557 3270 monachus,
586 3210 661 3274 rege
682 3189 821 3272 iubente,
850 3211 892 3254 ex
914 3188 1069 3254 coenobio
1091 3191 1194 3254 sancti
1216 3192 1354 3279 Remigii

239 3272 381 3336 omnium
396 3293 552 3336 consensu
566 3294 643 3336 mox
657 3284 850 3359 assumptus,
873 3295 932 3359 per
947 3274 1186 3358 impositionem
1201 3297 1354 3340 mannum

238 3357 462 3443 episcoporum
479 3367 622 3442 tempore
644 3358 815 3422 constituto
837 3356 937 3441 regali
958 3358 1128 3422 donatione
1150 3372 1355 3426 consecratur

238 3441 420 3528 episcopus.
455 3440 519 3522 Qui
534 3441 707 3526 prudenter
721 3463 759 3504 ac
775 3451 902 3505 strenue
917 3443 1024 3505 omnia
1045 3463 1169 3526 gerens,
1192 3444 1271 3507 satis
1291 3445 1354 3508 suis

237 3526 365 3611 profuit,
387 3536 483 3610 atque
505 3546 547 3588 ex
568 3523 741 3588 benefactis
764 3525 906 3588 omnium
931 3536 963 3590 et
984 3527 1125 3590 maxime
1148 3547 1281 3590 suorum
1303 3527 1354 3592 be·

236 3609 444 3674 nivolentiam
468 3606 589 3670 habuit.

265 3729 316 3792 62.
346 3725 462 3810 Oaptio
488 3725 649 3825 Boronish
676 3724 895 3901 eldaldltlliqclh
920 3729 1065 3816 episcopi
1088 3729 1328 3816 Lauduniqueh

746 3833 798 3874 er
825 3833 843 3875 o
881 3859 889 3874 .

322 3912 413 3991 Quae
435 3909 512 3973 dum
533 3920 730 3994 gererentur,
752 3912 843 3977 Bovo
867 3912 1149 3979 Catalaunensium
1172 3916 1354 4002 episcopus,

237 3995 367 4092 fortuita
399 3994 620 4078 peragratione
648 4015 667 4056 a
692 3997 789 4142 regiis
816 3997 1022 4098 stipatoribus
1052 4007 1174 4083 captus,
1204 3999 1353 4097 eoquod

236 4089 358 4163 et1pse
380 4077 523 4141 desertor
548 4076 589 4141 ab
611 4100 686 4162 rege
742 4080 886 4162 efecerat,
919 4103 989 4166 regi
1019 4081 1143 4146 oblatus
1173 4093 1231 4148 est.
1288 4084 1352 4163 Qui

297 4237 319 4289 a)
335 4244 383 4288 post
398 4239 447 4278 add.
509 4239 532 4291 b)
549 4243 630 4281 evocat
648 4243 666 4282 1.
728 4241 749 4293 c)
765 4243 786 4294 d,
802 4253 846 4294 ses,
862 4245 898 4284 ria
913 4245 971 4291 obse.
1030 4242 1053 4294 d)
1071 4244 1168 4292 Quantis
1185 4249 1205 4288 1.
1258 4245 1281 4298 e)
1297 4259 1314 4287 r.
1332 4258 1353 4296 p.

237 4296 282 4337 cod.
351 4297 625 4349 memoratamque
648 4305 673 4340 ut
694 4302 777 4340 vidam
792 4303 913 4342 restitutam
930 4306 950 4343 1.
1019 4301 1042 4355 g)
1059 4305 1067 4344 i
1083 4304 1139 4344 abac.
1208 4303 1233 4357 h)
1250 4306 1289 4359 bo,
1305 4306 1354 4355 nni,

237 4357 295 4408 Lan,
311 4356 396 4397 deditio
413 4358 467 4399 absa.
