2828 4814
338 370 492 423 monum
509 368 766 423 mammarum
782 370 895 422 LIBER
913 371 967 423 111.
1180 375 1215 423 99

72 532 91 543 ”
139 557 200 601 nan
214 559 268 636 per
287 559 325 602 ea
345 538 500 602 auferant
542 536 594 601 Ea
615 538 701 601 enim
723 537 769 601 sic
790 548 860 601 arta
874 536 1018 619 induunt,
1040 548 1076 602 ut
1094 539 1275 625 cippatisrr.

168 643 197 686 ne
211 644 250 685 rm
273 621 428 686 odiantur.
471 620 510 685 In
531 620 649 708 quibus
663 621 759 685 etiam
774 632 876 685 rostra
891 633 1100 708 componunt3
1122 646 1215 689 aures
1274 614 1284 637 '

156 704 205 768 ὀ·
221 644 291 769 inde
312 705 449 790 erigunt.
477 704 523 768 Et
542 727 582 769 ne
603 702 742 785 folleant,
764 726 816 767 ma
840 706 902 768 nob
925 727 1020 791 opere
1041 705 1215 772 elaborant.

138 786 169 851 Ut
182 786 293 854 luceant
314 809 454 875 quoque,
476 787 605 853 famulis
627 789 762 852 consciis
783 728 946 853 indicunt.

286 927 339 1000 40.
371 926 445 992 Dec
464 924 570 991 linteis
593 935 625 991 et
647 926 818 1012 operibusc
840 925 1019 1012 superfluis.

196 1030 250 1093 ‘An
274 1027 375 1093 lintea
406 1049 541 1114 operosa
571 1037 668 1113 atque
697 1026 831 1111 pellicea
861 1029 1059 1112 operimenta
1080 1029 1214 1094 sileam?

137 1106 203 1194 tum,
219 1113 357 1200 inquam,
379 1132 400 1175 a
419 1111 594 1176 maioribus
616 1110 803 1176 clementiae
825 1112 929 1197 gratia
949 1110 1101 1196 prolenis
1123 1113 1213 1177 indui

134 1191 238 1289 pellibus
269 1195 487 1261 mediocribus
523 1216 709 1260 eoncessum
744 1197 800 1277 sit,
836 1195 949 1258 vitium
986 1195 1213 1279 superfluitatis

133 1280 238 1363 mepsit
278 1279 374 1345 Unde
396 1289 428 1344 et
447 1300 534 1343 nunc
554 1280 732 1365 peregrinis
754 1280 959 1364 operimentis
981 1276 1095 1343 limbos
1111 1278 1212 1364 bipal-

133 1380 184 1425 nos
204 1362 441 1429 circumducunt
465 1372 562 1450 atque
588 1363 703 1449 pannis
724 1361 849 1427 Noricis
879 1385 917 1426 ea
946 1361 1083 1447 desuper
1109 1362 1211 1447 dupli-

133 1454 194 1509 cant
227 1446 347 1513 Linteis
369 1467 446 1511 vero
467 1468 526 1532 pro
548 1444 696 1531 stragulis
718 1447 848 1510 minime
870 1447 918 1509 uti
940 1467 1125 1510 concessum
1148 1458 1212 1527 est;

132 1527 212 1593 seda
240 1529 433 1617 quibusdam
468 1532 574 1595 minus
609 1528 767 1614 religiosis
803 1531 936 1595 caeteris
973 1528 1142 1615 superfluis
1178 1530 1212 1594 id

72 1614 74 1619 '
131 1609 244 1677 additum
263 1626 322 1680 est.
365 1614 512 1695 Quorum
531 1635 684 1678 numerus
705 1634 778 1677 cum
800 1635 841 1675 ex
863 1612 942 1677 locis
964 1613 1099 1677 diversis
1139 1612 1212 1678 luri·

130 1711 184 1758 nus
199 1708 327 1847 escebea
347 1695 528 1784 pluralitate
549 1696 707 1762 malorum
733 1695 890 1761 bonorum
911 1698 1066 1783 paucitati
1086 1636 1212 1784 idpper·

130 1795 230 1845 nasum
250 1803 315 1847 es.

369 1901 422 1965 41.
453 1898 528 1965 De‘1
549 1898 777 1965 femoralibus‘l
798 1900 945 1986 iniquis‘l.

190 2018 256 2086 ‘Sed
293 2020 372 2107 quid
406 2018 572 2086 femoralia
605 2022 716 2106 iniqua
742 2018 900 2085 referam?
934 2020 1060 2085 Horum
1092 2022 1210 2085 etenim

128 2095 225 2169 tibiales
244 2114 358 2192 quater
378 2104 569 2191 sesquipede
590 2114 702 2203 patent
721 2114 818 2189 atque
847 2125 889 2167 ex
916 2105 1061 2168 staminis
1089 2104 1209 2169 subtili-

127 2190 175 2247 ue
191 2189 278 2253 etiam
300 2187 452 2275 pudenda
472 2186 668 2253 intuennbus
689 2209 755 2251 non
781 2196 963 2272 protegunt.
1011 2188 1051 2251 In
1072 2210 1210 2273 quorum

127 2273 329 2355 compositione
349 2270 385 2337 id
405 2271 461 2335 uni
481 2293 547 2336 non
561 2271 688 2352 sufficit,
711 2293 774 2357 quo
790 2269 853 2334 duo
869 2272 1008 2336 contenti
1023 2272 1064 2335 ad
1078 2270 1209 2356 plenum

125 2355 337 2444 prevalerent.
379 2355 470 2421 Haec
492 2377 601 2421 coram
622 2355 674 2419 hic
703 2352 811 2435 relata,
844 2376 885 2418 an
906 2354 1070 2441 prohiberi
1096 2354 1209 2437 velitis,

123 2432 244 2505 udicare.
288 2439 425 2505 Caetera
443 2461 522 2504 vero
543 2440 660 2504 nostris
675 2437 817 2502 conciliis
832 2438 865 2501 in
880 2439 1005 2524 privato
1021 2439 1210 2523 corrigenda

123 2524 209 2587 emt.
252 2521 393 2589 Sinodus
413 2522 511 2588 dixit:
533 2523 606 2587 ‘Et0
628 2521 875 2609 prohibeantur’.

247 2661 300 2726 42.
332 2661 510 2747 Responsio
532 2660 769 2748 metropolitani
790 2660 832 2725 ad
852 2660 1022 2747 primatem
1031 2658 1049 2723 f.

182 2778 233 2845 Ad
259 2779 341 2845 haee
369 2803 495 2881 quoque
523 2793 624 2847 metro
650 2779 785 2846 olitanus
812 2779 990 2845 subiunxit:
1023 2778 1208 2845 ‘Gravitatis

119 2858 226 2941 quidem
251 2874 377 2929 vestrae
403 2865 463 2929 furt
489 2886 593 2951 pauca
650 2865 761 2930 'oendo
790 2863 935 2952 pluribus
968 2885 1115 2950 parcere,
1151 2863 1208 2928 sed

118 2948 267 3024 quoniame
287 2946 367 3013 haec
388 2970 470 3034 quae
494 2950 749 3034 reprehensimus
777 2951 812 3013 in
839 2960 947 3014 vestro
970 2947 1080 3012 ordine
1103 2946 1209 3011 subia-

115 3038 181 3113 rent,
200 3030 263 3096 alia
284 3032 387 3112 nobis,
409 3030 472 3097 alia
491 3055 567 3098 vero
588 3034 723 3120 privatis
752 3032 895 3097 conciliis
918 3032 1107 3115 corrigenda
1127 3031 1208 3094 iudi-

114 3112 186 3197 atis,
205 3114 292 3180 idem
314 3117 424 3198 sentio,
445 3115 532 3181 idem
553 3116 659 3182 laudo.
702 3116 797 3181 Unde
827 3126 859 3178 et
888 3136 969 3199 quae
995 3113 1049 3177 hic
1070 3113 1207 3177 inhiberi

111 3204 203 3263 restra
229 3201 374 3297 gravitas
404 3200 500 3286 petit,
530 3211 640 3266 nostra
671 3199 843 3262 auctoritas
871 3195 1041 3260 interdicit.
1095 3196 1321 3274 *Quaedam

110 3278 187 3346 vobis
223 3281 346 3347 silendo
385 3285 587 3366 reservastis,
630 3281 743 3348 vestris
778 3278 985 3363 relinquimus
1020 3278 1208 3342 inmutanda

107 3356 233 3431 iuditiis’.
275 3365 337 3430 His
352 3388 479 3466 quoque
494 3367 597 3449 dictis,
620 3365 750 3430 sinodus
764 3361 866 3427 soluta
881 3371 938 3426 est.
976 3360 1049 3441 Quo
1064 3369 1207 3456 tempore

106 3449 324 3515 monachorum
343 3449 455 3537 religro
478 3451 652 3517 admodum
672 3448 788 3528 floruit,
818 3466 889 3508 cum
912 3466 1022 3509 eorum
1043 3442 1206 3527 religionis

102 3533 307 3678 peritissimus
328 3535 590 3622 metropolitanus
610 3534 705 3598 huius
725 3532 772 3596 rei
786 3529 928 3594 hortator
942 3537 1026 3593 esset
1039 3536 1072 3592 et
1085 3547 1205 3592 suasor.

127 3617 160 3680 t¹¹
187 3626 224 3682 ut
252 3616 412 3683 nobilitati
440 3641 516 3685 suae
547 3621 582 3682 in
604 3617 753 3682 omnibus
781 3613 1004 3701 responderet,
1033 3609 1206 3676 aecclesiae

102 3716 170 3767 tuae
184 3699 268 3766 filios
283 3701 411 3766 studiisi
432 3702 617 3770 liberalibus
638 3703 793 3766 instruere
814 3698 952 3764 utiliter⁰
976 3696 1157 3782 quaerebat.

302 3839 354 3904 43.
385 3839 553 3908 Adventus
576 3839 725 3906 Gerberti
746 3841 780 3904 in
803 3836 997 3929 [Galliamlb

178 3940 242 4007 Oui
264 3941 370 4024 etiam,
392 3964 465 4006 cum
487 3941 574 4027 apud
596 3963 665 4008 sese
688 3965 727 4006 su
751 3965 785 4007 er
805 3941 867 4006 hoo
888 3940 996 4026 aliqua
1007 3935 1206 4020 deliberaret,

98 4022 135 4089 ab
163 4025 236 4111 ipsa
260 4024 437 4090 Divinitate
467 4024 607 4088 directus
636 4035 685 4090 est
746 4023 889 4090 erbertus
897 4026 916 4108 ¹,
947 4022 1057 4109 magni
1085 4023 1206 4108 ingenii

152 4227 176 4280 a)
191 4228 233 4270 hln
248 4241 305 4274 corr.
322 4230 384 4272 hinc.
458 4224 607 4280 b)mult01.
683 4225 704 4279 o)
719 4228 788 4279 Del,
803 4228 835 4268 bu
849 4228 906 4270 abac.
977 4225 1060 4278 d)1)e,
1076 4225 1133 4277 hin
1149 4224 1208 4266 abac.

97 4284 183 4339 effert
198 4290 248 4330 aaa,
307 4286 386 4340 omn
402 4288 458 4328 abac.
511 4282 535 4335 g)
551 4291 611 4331 quae
627 4281 689 4324 dicta
704 4289 758 4326 sunt
773 4286 840 4326 nobis
857 4288 876 4327 1.
920 4284 1205 4336 intermitterem.

96 4344 113 4398 l)
129 4347 218 4388 studuis
233 4357 291 4389 corr.
308 4348 398 4390 studiis.
455 4344 481 4398 k)
498 4341 600 4386 Galliam
615 4340 670 4383 abac.
730 4341 748 4395 1)
764 4354 785 4393 g.
802 4354 820 4384 c.
837 4354 925 4393 temper.

931 4413 970 4475 7,
