2820 4824
270 374 304 423 ³0
536 369 687 422 RICHERI
706 370 961 423 HISTORIARUM
976 372 1088 422 LIBER
1107 373 1130 422 I.

208 555 259 596 ³2³·
269 540 438 624 attigerit1.
482 537 686 602 Neutrum*·³
714 536 840 600 illorum
870 538 973 623 spolia
1002 539 1194 624 diripuissea
1225 545 1378 628 contigitt

272 624 372 689 Cuius
399 623 445 686 rei
472 623 688 706 oportunitas⁸
715 643 788 684 cum
816 621 956 686 Karolo⁸
985 645 1050 686 non
1080 623 1272 706 defuisset³,
1307 627 1380 690 nulla

270 717 398 772 tamena
431 706 544 769 ductus
577 705 772 790 cupiditatea
794 727 862 769 rem
884 707 1076 791 pernitiose³
1104 709 1225 774 vitavit.
1271 710 1379 774 Nam**

271 789 442 876 transfugis
464 788 636 874 plurimum
659 789 816 871 diffidens,
839 791 998 875 utpote***
1027 792 1081 876 qui
1102 794 1280 856 maximam
1304 817 1380 858 exer-

273 877 355 938 citus
381 884 505 959 partem
533 875 696 954 amiserat,
724 895 802 936 mox
823 875 883 938 iter
904 875 992 937 sineb
1015 874 1125 960 spoliis
1147 877 1181 938 in
1202 875 1379 961 Belgicam

190 969 262 1027 (θη)
272 960 407 1040 retorsit,
423 960 528 1042 post's's
544 956 750 1021 truculentius
765 957 869 1021 redire
884 958 933 1021 dis
959 980 1067 1022 onens.
1093 959 1184 1023 Hac²
1200 969 1380 1045 tempestate

272 1053 375 1108 terrae
396 1051 501 1105 motus
523 1044 557 1104 in
571 1064 656 1127 pago
673 1040 898 1105 Camaracensi
932 1051 1021 1106 actus
1044 1052 1100 1125 est,
1123 1065 1164 1106 ex
1188 1066 1252 1128 quo
1277 1045 1379 1108 domus

271 1125 442 1191 nunnullae
464 1125 635 1190 subversae
658 1135 739 1189 sunt.
783 1125 878 1189 Unde
900 1135 932 1189 et
952 1149 1059 1190 rerum
1081 1125 1245 1191 calamitas
1269 1129 1380 1192 adverti

271 1212 385 1298 potuit,
408 1233 481 1274 cum
503 1211 593 1296 regni
614 1211 764 1294 princeps
790 1219 897 1294 preter
918 1211 967 1274 ius
991 1221 1103 1296 captus
1124 1213 1209 1274 etin
1230 1232 1380 1276 carcerem

272 1318 373 1381 usque
395 1296 428 1358 in
451 1293 536 1357 diem
557 1295 642 1357 vitae
664 1316 739 1358 suae
757 1315 940 1378 supremum
956 1294 1101 1358 detrusus
1117 1296 1166 1358 sit.
1210 1295 1296 1359 Nam
1321 1319 1380 1360 cum

272 1402 341 1444 rem
367 1377 537 1441 militarem
565 1377 614 1440 dis
640 1387 749 1440 oneret
775 1388 807 1440 et
832 1378 1007 1442 exercitum
1034 1379 1248 1463 copiosiorem
1280 1379 1381 1444 Galliis

272 1463 388 1526 inferre
410 1469 546 1546 pararet,
571 1399 734 1546 Gallisque
756 1461 830 1525 inde
852 1463 948 1525 timor
969 1460 1086 1525 multus
1108 1463 1313 1545 incuteretur,
1334 1465 1380 1526 mi-

272 1549 353 1610 tiore
381 1546 488 1609 animo
516 1543 707 1608 ferebantur.
752 1545 849 1625 Quod
876 1544 1015 1608 Karolus
1046 1567 1105 1609 rex
1137 1546 1381 1632 subintelligens,

273 1653 331 1715 per
352 1628 381 1692 le
406 1637 474 1692 atos
496 1650 644 1692 revocare
672 1650 727 1692 eos
754 1628 915 1693 nitebatur
942 1627 1111 1715 multisque
1138 1631 1318 1694 rationibus
1345 1633 1381 1694 eis

273 1713 308 1777 id
330 1651 462 1775 suadere
479 1711 641 1797 querebat.
685 1713 910 1776 Nortmannis³
927 1735 1053 1798 quoque
1068 1735 1170 1798 usque
1185 1715 1228 1777 ad
1244 1717 1380 1779 effectum

274 1797 381 1877 suasit,
404 1795 485 1859 adeo
507 1805 543 1858 ut
563 1799 632 1880 regi
653 1796 750 1860 fidem
766 1797 923 1881 spondere
938 1798 1030 1882 eique
1052 1807 1088 1861 ut
1108 1796 1234 1862 iuberet
1256 1799 1381 1863 militare

272 1878 397 1944 vellent.
443 1880 507 1960 Qui
530 1902 603 1943 cum
624 1882 693 1964 regi
714 1879 878 1944 militaturi
894 1902 1057 1945 occunere
1072 1893 1232 1966 pararent,
1255 1907 1274 1946 a
1291 1883 1382 1948 Gallis

272 1963 553 2028 intercurrentibus
575 1964 702 2028 inhibiti
724 1975 805 2029 sunt.
849 1964 944 2028 Unde
967 1975 998 2028 et
1020 1987 1129 2029 eorum
1153 1969 1311 2051 suppetiis
1332 1988 1380 2030 rer

270 2049 414 2133 privatus
436 2056 492 2112 est.

381 2177 432 2241 47.
476 2175 624 2270 Rodulfi⁰
645 2178 731 2261 regis
752 2180 931 2262 promotioc
953 2200 990 2242 ac
1011 2177 1143 2265 Karoli⁰
1165 2179 1282 2262 captio

356 2279 440 2344 Galli
476 2304 496 2344 a
527 2282 698 2365 pertinatia
732 2278 911 2344 nullatenus
947 2281 1159 2365 quiescentes,
1203 2280 1380 2361 Rodulfum,

271 2363 423 2428 Richardi
444 2364 683 2449 Burgundionis
705 2362 815 2445 filium,
843 2365 988 2445 accitum,
1011 2364 1098 2450 apud
1119 2363 1232 2428 urbem
1257 2363 1381 2428 Suesso-

162 2467 208 2507 1u1.
226 2468 262 2510 ra
271 2449 393 2524 nicam,
421 2470 459 2510 eo
481 2448 557 2510 licet
585 2449 681 2510 satisb
708 2445 899 2511 reclamante
946 2471 1056 2534 regem
1082 2447 1145 2511 sibi
1176 2448 1391 2533 prefecerrmt,

270 2534 376 2596 virum
405 2541 567 2594 strenuum
595 2552 633 2593 ac
663 2530 774 2593 litteris
802 2497 987 2596 liberalibus
1019 2555 1084 2596 non
1111 2533 1313 2596 mediocriter
1338 2534 1392 2607 in*¹

272 2623 435 2678 structum.
492 2613 588 2692 Quod
620 2613 818 2695 Heribertus,
850 2626 1008 2679 tantorum
1040 2615 1194 2680 malorum
1229 2616 1393 2693 incentor„

273 2718 342 2760 sese
363 2696 444 2760 velle
466 2695 678 2778 dissimulans,
706 2697 861 2761 Karolum
882 2721 991 2848 regem
1012 2722 1070 2784 per
1097 2699 1214 2785 legatos
1239 2699 1381 2778 accersit,

272 2781 368 2844 tantis
382 2779 518 2864 flagiciis
533 2802 566 2843 se
582 2783 674 2845 reniti
688 2781 825 2846 voluisse
840 2806 915 2847 man
940 2806 1006 2866 ans,
1029 2784 1086 2847 sed
1108 2807 1127 2848 a
1149 2783 1380 2847 coniuratorum

273 2863 474 2928 multitudine
501 2864 775 2930 vehementissime
803 2889 1026 2952 suppressum3
1061 2878 1138 2932 tunc
1164 2865 1287 2930 nullum
1316 2889 1381 2930 con-

274 2946 335 3010 silii
355 2947 461 3012 locum
483 2950 634 3034 patuisse,
656 2972 741 3013 nunc
756 2973 830 3015 vero
846 2952 978 3015 remedii
993 2961 1118 3037 partem
1140 2952 1296 3036 optimam
1318 2971 1380 3014 sese

272 3053 306 3096 re
331 3033 468 3118 perisse3
501 3034 586 3097 unde
607 3044 639 3098 et
659 3036 813 3098 maturius
841 3036 983 3118 accedat,
1011 3057 1074 3120 quo
1094 3036 1124 3100 ei
1144 3037 1155 3098 i
1181 3057 1215 3098 se
1236 3035 1380 3100 obvenire

272 3055 389 3199 valeat3
413 3139 485 3180 cum
507 3120 618 3203 paucis
640 3128 756 3202 tamen,
777 3141 827 3198 ne,
849 3121 876 3182 si
898 3141 971 3183 cum
992 3118 1099 3183 multis
1121 3057 1303 3202 adbeniant,
1327 3120 1380 3182 dis·

272 3202 443 3266 sidentium
476 3203 676 3267 animositate
702 3205 736 3266 in
762 3202 881 3267 bellum
909 3213 1078 3288 cogantur3
1122 3213 1154 3266 et
1179 3225 1239 3288 pro
1267 3204 1379 3267 itineris

271 3287 450 3369 securitate,
472 3288 499 3350 si
521 3285 583 3350 sibi
605 3287 738 3373 placeat,
766 3287 807 3351 ab
829 3288 908 3372 ipsis
929 3286 1041 3372 legatis
1063 3287 1270 3351 iurisiurandi
1292 3288 1379 3351 fidem

271 3372 416 3458 accipiat.
460 3371 532 3435 Rex
558 3371 672 3435 horum
702 3369 859 3451 credulus
887 3370 1062 3455 ablegatis
1084 3371 1305 3434 iusiurandum
1328 3391 1378 3456 pro

270 3455 334 3519 fide
356 3477 430 3519 acce
455 3457 481 3519 it
501 3476 540 3519 ac
562 3456 629 3518 sine
651 3477 781 3518 suorum
803 3454 1031 3520 deliberatione
1052 3455 1209 3540 proditori
1236 3455 1378 3520 obvenire

269 3561 335 3603 non
349 3539 398 3603 dis
446 3540 479 3602 it.
516 3539 560 3602 Et
574 3538 719 3622 proditor
730 3537 820 3602 dolos
836 3537 1048 3621 dissimulans,
1070 3561 1144 3603 cum
1158 3541 1272 3624 paucis
1287 3558 1379 3625 aeque

269 3623 315 3687 ibi
337 3623 453 3687 venitl.
497 3621 655 3706 Datisque
677 3621 793 3685 osculis
815 3624 957 3708 excepti,
988 3621 1197 3688 familiaribus
1220 3622 1378 3709 colloquiis

343 3782 368 3849 *)
387 3785 514 3834 Neutrum
537 3811 571 3821 -
591 3784 685 3836 vitavit
704 3785 719 3833 2
739 3783 768 3836 ia
786 3802 872 3854 uterq.

334 3853 371 3922 **)
392 3855 477 3908 Gallis
497 3856 560 3907 aad.
582 3857 605 3920 1,
625 3856 677 3909 del.
698 3859 723 3908 2.
797 3856 847 3925 ***)
867 3863 922 3926 utp.
944 3887 978 3896 -
998 3861 1125 3910 amiserat
1143 3858 1206 3909 odd.
1227 3859 1252 3909 2.

343 3926 367 3995 l)
388 3930 559 3981 Germaniam
581 3931 604 3994 1,
625 3947 691 3981 corr.
713 3932 737 3984 2.
812 3929 851 3998 Η)
871 3933 899 3982 in
919 3932 1022 3984 Gallias
1044 3934 1067 3995 1,
1088 3949 1155 3985 corr.
1176 3931 1201 3983 2.

328 4072 351 4124 a)
368 4085 398 4128 m,
414 4075 458 4128 uie,
473 4075 498 4126 n,
515 4086 536 4128 0,
551 4077 589 4126 K,
605 4080 658 4124 sset,
675 4088 736 4131 rnen,
751 4079 792 4132 idi,
808 4089 832 4118 ae
847 4079 904 4120 abac.
965 4077 989 4132 b)
1002 4084 1053 4129 poet
1068 4079 1118 4120 add.
1165 4076 1186 4130 c)
1203 4079 1218 4130 i,
1235 4079 1289 4130 otio,
1305 4079 1313 4117 i
1328 4077 1378 4116 abac.

269 4131 292 4185 d)
308 4133 397 4175 tbvenit
412 4145 443 4184 e.;
460 4134 554 4176 obvenit
568 4136 593 4177 P.

343 4269 369 4332 1)
380 4267 527 4319 Flodoardi
538 4271 716 4321 narrationem
728 4275 820 4322 auctor
829 4271 856 4320 in
866 4269 984 4321 favorem
994 4269 1087 4320 Karoli
1097 4271 1216 4320 mutavit.
1265 4269 1293 4335 2)
1306 4269 1378 4319 Haec

267 4357 299 4392 ex
318 4342 397 4393 Flod.
416 4343 485 4394 Ann.
507 4358 532 4393 a.
553 4343 615 4395 922.
691 4343 720 4411 3)
740 4343 781 4395 Cf.
800 4343 879 4395 Flod.
899 4359 924 4396 a.
944 4343 1007 4394 923.
