2820 4824
260 367 311 417 128
496 365 649 417 RICHERI
667 366 920 417 HISTORIARUM
939 365 1051 415 LIBER
1068 364 1139 414 1111.

197 560 247 600 oso.
260 533 410 619 Sepultus
432 542 480 598 est
494 533 602 597 Remis
623 533 657 596 in
679 531 833 596 coenobio
854 530 1086 596 monachorum
1107 533 1213 596 sancti
1229 533 1361 619 Remigii,

130 650 187 697 Ἢ,
203 640 332 697 mcum
354 627 444 703 patre
466 626 498 681 et
519 625 629 698 matre,
659 617 741 680 sicut
769 621 857 680 'ante
886 616 1023 680 iusserat
1051 616 1135 699 suis;
1166 617 1255 703 quod
1282 619 1361 682 etiam

260 701 351 765 abest
379 701 442 764 240
464 700 597 786 stadiisa
624 699 664 764 ab
688 698 828 782 soloce,
854 700 888 762 in
918 722 981 786 quo
1007 699 1105 764 finem
1126 700 1214 766 vitae
1235 703 1360 787 accepit;

259 784 360 850 multo
397 783 550 869 obsequio
583 784 803 848 universorum
839 783 973 869 parique
1010 783 1129 848 affectu
1162 807 1223 870 per
1254 795 1360 850 tantum

260 869 355 955 spatii
376 868 541 933 deductus.

593 1051 779 1144 INCIPITb
800 1051 934 1116 LIBER
953 1051 1031 1115 IIII.

344 1175 372 1236 1.
417 1171 550 1259 Sepulto
571 1171 731 1252 Lothario,
760 1170 943 1235 Ludovicus
971 1170 1056 1233 filius
1087 1192 1107 1233 a
1136 1171 1220 1236 duce
1242 1171 1358 1259 aliisque

261 1257 461 1404 principibus
482 1258 515 1319 in
532 1278 668 1339 regnum
683 1253 884 1340 subrogatur.
911 1252 1179 1319 Circumvallatur
1195 1269 1293 1341 erg0⁰
1305 1280 1358 1320 am-

284 1342 330 1404 itu
342 1342 573 1405 universorum.
603 1339 796 1402 Promittant
807 1336 1063 1404 benivolentiam.
1089 1337 1357 1423 Spondentfidem.

263 1423 457 1509 Stipatores(¹
479 1424 575 1488 etiam
590 1423 677 1486 vario
694 1421 798 1486 cultu⁰
819 1422 965 1487 facienda
980 1419 1174 1486 dictabant0.
1211 1422 1277 1488 Alii
1290 1425 1358 1488 enim

261 1507 459 1593 inpalatiisf
478 1508 508 1571 ei
523 1505 728 1570 residendum
750 1506 931 1588 censebant,
953 1514 989 1569 ut
1008 1506 1173 1591 principes
1188 1507 1231 1573 ad
1247 1529 1279 1572 se
1299 1529 1358 1572 con-

261 1591 396 1656 fluentes
430 1593 498 1659 eius
532 1591 668 1675 imperio
702 1590 911 1672 deservirent,
947 1612 987 1653 ne
1014 1590 1104 1674 regia
1134 1589 1275 1676 dignitas
1298 1591 1359 1656 vile

263 1685 375 1758 sceret,
397 1676 424 1738 si
445 1674 523 1737 alias
544 1683 655 1758 utpote
676 1676 769 1758 inops
791 1673 886 1738 alieni
908 1673 1052 1759 suffragii
1067 1683 1193 1772 peteret
1208 1697 1293 1760 opes.
1328 1676 1358 1739 In

263 1760 349 1823 omni
371 1760 466 1822 etiam
489 1757 642 1842 dignitate
663 1757 697 1820 id
712 1780 781 1822 esse
803 1758 989 1838 cavendum,
1010 1779 1051 1820 ne
1065 1781 1100 1820 1n
1138 1758 1291 1823 rimordio
1305 1782 1359 1823 sus-

262 1842 346 1926 cepti
360 1841 490 1905 honoris
501 1842 650 1925 segnities
662 1851 694 1905 et
704 1842 833 1926 ignavia
843 1843 994 1906 virtutem
1008 1781 1192 1906 habendam
1208 1866 1246 1908 su
1270 1854 1358 1924 erent;

260 1947 336 1988 nam
358 1926 385 1988 si
406 1925 440 1989 id
461 1925 525 2006 fite,
547 1933 646 1988 totam
669 1926 764 1988 etiam
786 1947 853 1988 rem
875 1925 909 1988 in
931 1933 1150 2010 contemptum
1174 1937 1207 1991 et
1244 1928 1358 1991 ’itatem

259 2009 521 2094 pernitiosissime
543 2008 760 2074 deventuram.
803 2007 868 2072 Alii
891 2030 954 2094 quo
977 2033 1018 2074 ue
1039 2031 1113 2073 cum
1137 2009 1221 2074 duce
1243 2012 1272 2076 ei
1289 2032 1358 2074 com·

260 2093 471 2157 morandumh
500 2093 693 2173 asserebant,
722 2114 759 2157 eo
812 2092 877 2156 uod
904 2032 1088 2157 addleseens
1115 2095 1200 2158 tanti
1220 2095 1358 2180 principis

259 2176 430 2263 prudentia
451 2176 546 2240 simul
567 2185 598 2240 et
620 2177 736 2240 virtute
758 2177 769 2239 i
806 2179 923 2240 ormari
950 2176 1124 2262 indigeret,
1156 2178 1222 2242 sibi
1248 2200 1358 2265 quoque

259 2259 428 2324 utillimum
453 2260 533 2343 fieri,
560 2261 588 2322 si
615 2261 754 2345 potentis
783 2260 985 2346 dispositioni
1010 2260 1051 2324 ad
1080 2269 1210 2348 tempus
1239 2262 1358 2342 cederet,

261 2367 332 2408 cum
366 2346 433 2410 sine
466 2367 503 2408 eo
535 2367 595 2407 nec
626 2343 783 2428 regnandi
817 2345 991 2429 potentiam
1023 2343 1143 2410 habere
1175 2369 1219 2410 ex
1251 2347 1357 2430 integro

259 2439 376 2514 posset,
400 2438 432 2493 et
477 2451 511 2492 er
533 2449 604 2491 eum
628 2438 754 2491 strenue
768 2437 864 2526 atque
879 2427 997 2492 utiliter
1017 2429 1125 2493 omnia
1143 2428 1358 2494 administrarii

260 2512 411 2577 valerent.
453 2452 535 2593 llam
557 2512 701 2596 partibus
723 2511 849 2592 auditis,
872 2513 1058 2576 sententiam
1081 2511 1215 2578 distulit.
1251 2512 1358 2589 Collatc

260 2618 335 2660 vero
358 2617 432 2659 cum
454 2595 535 2659 duce
556 2594 699 2676 consilio,
722 2595 752 2658 ei
773 2593 889 2659 abinde
910 2605 977 2660 tota
994 2605 1100 2660 mente
1114 2596 1266 2662 addictus
1286 2597 1358 2661 fovit

292 2749 321 2812 2.
359 2748 491 2814 Oratiok
512 2750 690 2815 Ludovicik
711 2750 799 2837 apud
820 2751 933 2817 ducem
957 2753 1167 2837 ceterosquel
1188 2756 1333 2840 primates

492 2834 545 2896 inl
568 2833 804 2899 Adalberonem
827 2833 1135 2920 metropolitanuml.

344 2934 442 3018 Apud
471 2956 564 3018 quem
592 2935 733 3023 aliosque
764 2959 859 3022 quam
889 2959 1026 3023 paucos,
1055 2940 1281 3023 preteritorum
1308 2959 1359 3002 non

260 3018 426 3099 inmemor,
456 3019 502 3081 sic
529 3029 720 3106 conquestus
750 3031 813 3085 est:
850 3021 954 3086 ‘Pater
982 3043 1072 3085 meus
1093 3022 1128 3084 in
1150 3024 1358 3108 egritudinem,

262 3122 325 3185 qua
354 3110 385 3165 et
410 3103 516 3200 periit,
544 3104 709 3185 decidens,
738 3105 816 3167 mihi
844 3106 1004 3191 precepit,
1032 3115 1068 3168 ut
1095 3115 1205 3172 vestro
1234 3105 1358 3185 consilio,

259 3195 366 3248 vestra
386 3184 593 3271 dispositione
614 3191 706 3274 regni
726 3189 981 3273 procurationem
997 3187 1163 3272 haberem3
1185 3204 1262 3256 vos¹
1279 3191 1359 3256 etiam

259 3267 329 3333 loco
357 3268 516 3346 affinium,
550 3271 621 3336 loco
650 3273 840 3335 amicoruml
868 3271 1017 3336 ducerem
1051 3272 1195 3359 nihilque
1230 3272 1359 3360 precipui

259 3362 365 3438 preter
392 3364 530 3418 vestram
561 3357 725 3419 scientiam
754 3355 906 3419 adorirer.
958 3356 994 3421 Si
1021 3365 1129 3420 vestra
1154 3357 1220 3422 fide
1246 3358 1359 3445 potirer,

259 3439 327 3501 sine
350 3437 447 3503 dubio
470 3438 608 3520 divitias,
637 3440 806 3520 exercitus,
835 3441 1032 3504 munimenta
1052 3440 1154 3525 regni,
1182 3443 1359 3520 asserebat

258 3544 309 3584 me
331 3520 524 3585 habiturum.
569 3523 661 3602 Quae
684 3546 773 3588 mens
794 3524 828 3585 in
849 3546 901 3587 me
923 3524 1062 3587 maxime
1084 3522 1212 3588 valeto.
1245 3523 1360 3589 Placeat

257 3605 365 3691 itaque
387 3603 553 3669 consilium
576 3607 777 3692 profuturum
799 3606 885 3689 dare,
908 3629 983 3671 cum
1004 3607 1130 3672 avobis
1145 3610 1301 3696 proposui
1318 3628 1359 3671 me

258 3711 322 3752 non
345 3687 590 3756 discessurumss.
632 3691 672 3754 ln
686 3688 778 3754 vobis
793 3692 878 3754 enim
892 3713 1000 3754 meum
1021 3689 1198 3774 consilium,
1222 3695 1359 3770 animum,

258 3770 400 3834 fortunas
422 3772 497 3834 sitas
520 3795 588 3836 esse
608 3773 704 3838 volui.
747 3773 908 3838 Adalbero
923 3775 1094 3838 Remorum
1110 3776 1359 3862 metropolitanus

318 3963 341 4016 a)
358 3966 422 4005 abest
424 3993 512 4008 ......
534 3971 658 4009 stadiorum
681 3975 701 4011 1.
784 3971 808 4023 b)
830 3975 887 4012 linea
907 3984 977 4012 vacua
997 3974 1071 4012 relicta
1088 3975 1173 4025 papa,-
1197 3976 1216 4015 1.
1240 3977 1256 4016 l.
1279 3975 1322 4014 1111
1340 3971 1358 4009 t'ss

259 4025 370 4072 asperiore
384 4026 480 4074 margine
495 4027 557 4076 siquo
572 4031 670 4076 apposito
685 4032 793 4080 seriptum.
850 4030 871 4082 c)
886 4037 935 4080 past
950 4032 1002 4072 add.
1056 4029 1079 4083 d)
1096 4031 1130 4072 st.
1149 4054 1175 4064 -
1192 4035 1248 4074 (liet.
1264 4035 1287 4073 tn
1301 4041 1356 4078 stara

260 4079 281 4132 e)
299 4083 343 4133 cul,
360 4083 397 4121 dic
412 4084 468 4124 abac.
534 4083 553 4136 f)
570 4097 662 4126 suarum
678 4091 769 4129 urbium
785 4091 834 4131 add.
852 4093 871 4129 1.
940 4089 963 4141 g)
979 4091 1011 4130 ita
1026 4102 1043 4130 c.
1119 4089 1144 4142 h)
1160 4093 1252 4134 immor.
1267 4099 1357 4142 asperser-

260 4150 317 4178 com.
372 4140 390 4194 i)
407 4153 427 4182 a.
445 4145 494 4190 regi
512 4145 530 4184 1.
587 4143 612 4196 k)
628 4146 667 4199 Or,
682 4149 713 4199 ri,
730 4153 772 4200 cet,
793 4151 825 4199 in,
841 4160 864 4188 m
880 4150 935 4188 absc.
993 4149 1010 4202 l)
1026 4154 1177 4198 cognatorum
1195 4154 1215 4191 1.
1267 4151 1297 4202 m)
1311 4158 1356 4189 sem·

258 4209 346 4248 perque
362 4201 416 4239 dum
431 4202 455 4240 tn
470 4203 519 4242 vita
534 4203 599 4242 tuero
614 4207 757 4253 potissimum
773 4208 860 4257 vigebit
875 4208 924 4249 add.
942 4210 960 4248 1.
1035 4206 1060 4260 n)
1075 4209 1125 4249 fore
1141 4210 1191 4250 add.
1210 4213 1230 4251 1.

333 4328 361 4397 1)
380 4348 426 4384 vos
447 4361 480 4370 -
500 4334 622 4388 ducerem
641 4344 667 4390 et
686 4338 740 4389 alia
759 4340 870 4392 Sallusti
888 4347 950 4393 sunt
967 4341 1057 4406 verba,
1076 4343 1137 4408 Iug.
1159 4357 1183 4394 e.
1206 4343 1247 4394 14.
