2820 4824
366 396 520 448 RIOHERI
539 397 790 449 HISTORIARUM
809 398 921 449 LIBER
941 399 963 448 Ι.
1185 401 1218 448 31

103 566 194 629 cousi
215 573 297 628 sunt.
339 563 384 628 Et
408 565 490 629 inter
517 563 713 650 loquendum
740 565 921 630 *cohortem
954 564 1148 629 armatorum
1176 565 1283 630 ab‘ror.
1301 584 1345 628 rr.

101 647 220 712 abditis
235 655 348 722 evocat
361 671 395 712 re
420 649 493 734 ique
507 649 636 713 incauto
651 647 783 713 inducit.
827 649 892 729 Qui
913 649 1108 713 multitudini
1125 651 1219 714 reniti

101 754 167 795 non
187 731 305 814 valens,
327 754 347 795 a
368 753 406 796 co
430 741 498 796 orte
520 742 633 817 captus
655 741 718 814 est,
749 731 908 818 aliquibus
938 755 1012 797 cum
1040 755 1078 799 eo
1105 755 1143 797 ca
1167 735 1219 817 tis,

103 813 295 901 quibusdam
316 816 412 879 etiam
433 817 568 880 interem
593 817 643 897 tis,
665 815 796 914 reliquis
818 839 946 902 quoque
967 817 1093 903 fugatis.
1164 839 1217 881 ue-

101 908 219 985 tusque
239 901 407 981 Peronam,
438 838 591 963 carcerali
617 899 779 963 eustod1ae
806 900 986 985 deputatur.
1031 903 1216 985 Germani1,

100 1005 177 1067 rege
199 986 326 1064 amisso,
360 983 392 1044 in
422 981 548 1046 diversa
578 982 731 1046 feruntur.
775 982 920 1061 Quorum
952 985 1006 1048 alii
1041 985 1080 1049 de
1112 985 1218 1051 reditu

101 1065 224 1130 domini
240 1066 413 1146 elaborant,
435 1065 490 1127 alii
504 1087 581 1129 vero
597 1085 617 1126 a
631 1087 688 1149 spe
703 1064 829 1146 deiecti,
850 1065 987 1130 Rodulfo
1009 1070 1078 1152 regi
1098 1068 1216 1152 favent,

100 1172 161 1214 nec
181 1159 290 1214 tamen
310 1151 344 1211 in
359 1149 428 1212 eius
442 1147 539 1211 fidem
554 1149 680 1234 penitus
696 1149 885 1212 concedunt.
929 1150 1072 1230 Quorum
1116 1153 1215 1216 riores

100 1235 339 1319 exspectatione
354 1231 477 1295 diutina
491 1231 613 1296 domini
633 1230 813 1296 libertatem
833 1234 1043 1318 opperientes,
1064 1174 1216 1299 Elimber-

100 1327 171 1381 tum
192 1315 388 1401 proditorem
409 1315 449 1379 de
471 1315 546 1380 fidei
567 1315 740 1380 violatione
755 1338 830 1400 sepe
846 1327 1063 1382 convenerunt
1083 1338 1121 1380 ac
1142 1319 1216 1384 inde

100 1401 273 1485 plurimum
295 1399 380 1486 apud
402 1398 484 1464 male
506 1401 650 1464 conscios
673 1401 837 1486 conquesti
865 1410 948 1468 sunt.
993 1401 1117 1480 Quibus
1146 1424 1217 1487 per-

102 1483 235 1548 suadere
256 1504 320 1548 non
339 1481 489 1564 valentes,
511 1483 551 1549 de
573 1484 705 1570 periurii
726 1493 817 1548 reatu
838 1483 917 1548 nihil
937 1484 1063 1549 ruboris
1078 1487 1217 1550 incusse-

101 1575 184 1650 runt,
207 1588 279 1630 cum
300 1567 348 1630 ira
367 1567 432 1631 Dei
455 1569 501 1632 eis
522 1569 713 1633 immineret.

191 1707 242 1770 48.
284 1705 444 1770 Exactio⁸
465 1708 640 1792 pecuniae⁸
662 1705 834 1792 publieae³
855 1707 966 1793 piratis
988 1707 1123 1772 dandae.

182 1807 274 1871 Haec
296 1806 373 1870 dum
394 1818 572 1893 agerentur,
594 1811 748 1894 pyratae*
765 1807 885 1872 Gallias
906 1811 1097 1895 irruperunt,
1120 1832 1275 1896 pecu-ear.

97 1891 176 1954 dum
190 1902 469 1978 armentorumque
483 1891 676 1956 abductione
690 1893 923 1978 multarumque
939 1915 1036 1978 opum
1058 1894 1216 1958 exhaustu

98 1995 171 2037 cum
192 1973 404 2059 plurimorum
426 1977 610 2060 captivitate
635 1986 754 2039 terram
784 1975 1023 2060 depopulantes.
1068 1977 1215 2056 Quorum

96 2059 252 2143 impetum
273 2081 332 2123 rex
353 2057 494 2139 dolensb,
516 2081 645 2122 suorum
667 2081 744 2121 usus
768 2058 908 2140 consilio,
938 2061 1138 2122 exactionem
1159 2084 1214 2145 pe-

97 2143 212 2205 cuniae
235 2140 405 2205 collatitiae
426 2142 493 2205 fieri
516 2141 720 2204 exactoribus
749 2141 881 2220 indixit,
911 2162 992 2224 quae
1013 2141 1158 2205 hostibus
1180 2144 1214 2206 in

96 2226 189 2308 pacis
221 2235 316 2308 pacto
344 2224 569 2286 conferretur².
613 2223 657 2285 Et
683 2221 811 2301 collata,
844 2223 885 2285 ad
907 2235 1016 2285 votum
1045 2245 1213 2290 commune

97 2308 305 2391 paciscuntur
322 2316 418 2390 atque
432 2307 467 2368 in
482 2326 540 2368 sua
554 2305 743 2368 concedunt.
785 2306 856 2367 Rex
877 2325 963 2385 vero,
985 2304 1058 2368 licet
1078 2328 1213 2389 merens,

99 2390 142 2451 ad
168 2387 231 2451 alia
260 2410 293 2450 se
321 2386 463 2452 contulit.
506 2387 716 2451 Exercitum⁰
740 2388 848 2472 itaque
869 2390 902 2450 in
924 2386 1132 2472 Aquitaniam
1159 2391 1213 2453 ad·

99 2493 210 2534 versus
233 2471 301 2534 eius
323 2471 503 2556 principem
525 2469 728 2536 *Wilelmum
748 2480 848 2556 parat,
871 2492 908 2534 eo
929 2471 1015 2556 quod
1036 2471 1129 2536 subdi
1152 2472 1261 2542 sibi‘r.
1279 2492 1330 2537 ssa.

99 2564 348 2639 contempneret.
390 2554 434 2618 Et
454 2564 518 2618 tem
543 2577 597 2618 ore
620 2564 775 2640 oportuno
798 2577 872 2618 cum
895 2558 1037 2618 exercitu
1051 2577 1147 2640 super
1160 2556 1212 2619 Li-

96 2639 201 2722 gerim
222 2639 321 2702 affuit.
364 2639 409 2702 At
430 2577 596 2703 Wilellnus
618 2637 755 2703 militum
776 2641 904 2723 copiam
919 2660 984 2703 non
998 2641 1133 2724 patiens,
1157 2639 1212 2704 ob-

95 2723 201 2786 ruenti
222 2745 280 2807 per
300 2720 421 2806 legatos
443 2724 624 2786 occurrit**.
667 2721 797 2810 Illisque
818 2723 916 2787 fluvio
938 2722 1148 2806 interfluente,
1176 2726 1211 2806 in

94 2806 273 2890 legatorum
306 2805 507 2870 suasionibus
534 2807 603 2870 dies
631 2817 698 2871 tota
725 2817 915 2892 consumpta
943 2817 1022 2871 est-³.
1066 2807 1210 2873 Tandem

94 2890 147 2954 die
169 2889 269 2953 altera
290 2889 387 2952 fidem
408 2892 568 2976 utrimque
589 2892 685 2977 pacti,
708 2913 728 2954 a
749 2913 783 2955 se
804 2891 1026 2958 discesserunt.

136 3029 187 3092 49.
226 3027 447 3112 Congressusd
469 3028 617 3175 Rodulli}l
639 3031 722 3154 reguis
745 3051 818 3092 cum
839 3030 973 3114 piratis⁰l
996 3051 1168 3115 eorumque

612 3134 680 3176 usro
706 3162 713 3176 .

179 3213 251 3276 Rex
272 3211 347 3276 inde
368 3233 542 3298 regressus,
564 3211 652 3276 febre
674 3223 768 3278 acuta
782 3213 867 3299 apud
889 3213 1002 3278 urbem
1018 3215 1271 3278 Senonioamsrs.

94 3297 298 3381 corripitur⁴.
343 3295 408 3375 Qui
436 3317 509 3358 cum
539 3294 591 3358 die
620 3297 736 3359 cretica
762 3296 983 3380 convaluisset,
1009 3299 1042 3362 vi
1070 3297 1210 3362 recidiva

94 3402 205 3444 rursus
227 3381 428 3465 opprimitur.
470 3381 520 3443 Ac
543 3377 582 3441 de
604 3377 703 3442 salute
719 3379 900 3463 desperans,
921 3382 1038 3444 Remos
1054 3381 1095 3445 ad
1111 3381 1209 3446 Sanc-

94 3473 164 3528 tum
178 3464 361 3548 Remigium
379 3485 447 3527 sese
469 3462 585 3526 deferri
605 3461 688 3526 fecit.
722 3461 783 3526 Oui
805 3461 889 3526 dona
909 3462 1046 3548 plurima
1067 3464 1208 3550 largitus,

95 3545 206 3632 elapso
228 3569 336 3610 mense
363 3545 481 3611 utiliter
510 3544 672 3611 convaluit
697 3546 872 3631 urbemque
895 3547 1119 3612 Suessonicam
1146 3547 1208 3611 alia

95 3641 261 3696 curaturus
283 3633 425 3715 expetiit.
467 3631 534 3695 Ubi
555 3653 629 3694 cum
651 3630 738 3715 apud
763 3631 865 3716 princi
890 3654 924 3694 es
949 3653 1017 3694 rem
1043 3631 1208 3730 publicam

95 3713 281 3795 consuleret,
295 3713 392 3797 legati
401 3714 567 3796 adsistunt,
580 3714 634 3801 qui
649 3715 827 3799 pyratas***
842 3653 905 3778 fide
916 3714 1034 3779 violata
1045 3717 1209 3780 interiores

94 3798 320 3883 Burgundiae⁴s
345 3806 452 3880 partes
478 3798 629 3883 irrupisse
657 3808 817 3881 asserunt3
851 3820 1102 3885 congressosque
1135 3821 1208 3862 cum

168 3957 193 4025 *l
212 3961 369 4010 Nortmanni
390 3961 413 4006 1.
469 3956 505 4024 **)
526 3960 617 4012 dolose
637 3967 727 4012 tamen
747 3960 810 4012 add.
832 3963 856 4014 1.
910 3958 960 4028 ***)
979 3964 1157 4014 Nortmsnuos
1179 3960 1205 4010 1.

169 4030 195 4099 l)
215 4032 305 4101 (ulteri
324 4029 404 4097 corr.)
425 4034 567 4083 exteriores
588 4033 735 4084 Galliarum
757 4036 781 4085 1.

155 4159 178 4212 a)
195 4162 222 4213 E,
239 4171 257 4213 c,
274 4172 286 4199 c
302 4161 357 4199 abac.
416 4157 440 4210 b)
456 4169 504 4198 non
519 4159 595 4199 ferens
613 4160 632 4199 1.
693 4157 714 4210 c)
730 4159 778 4200 Iter
795 4162 814 4199 1.
875 4159 899 4211 d)
916 4161 957 4212 00,
973 4161 999 4210 R,
1017 4171 1035 4212 r,
1052 4159 1132 4198 fotae.

170 4273 198 4339 1)
217 4277 235 4324 i.
250 4291 273 4325 e.
288 4274 399 4339 Belgae.
428 4272 595 4324 Vocabulum
615 4273 747 4338 corrigere
764 4279 857 4323 auctor
875 4272 1003 4338 neglexit.
1078 4268 1107 4334 2)
1127 4268 1205 4319 Flod.

97 4364 122 4399 a.
143 4349 206 4399 924.
281 4345 310 4412 3)
329 4349 370 4397 Ex
388 4347 466 4397 Flod.
486 4363 511 4397 a.
531 4348 593 4397 924.
667 4343 698 4411 4)
716 4345 850 4396 Indidem.
