2820 4824
342 359 496 412 RIOHERI
514 359 765 414 HISTORIARUM
783 360 893 412 LIBER
912 360 980 413 1111.
1166 361 1217 412 139

97 536 231 612 tempus
259 525 411 591 reducere
441 525 619 611 disposuit,
652 535 687 589 ut
714 525 851 591 reditum
880 525 1089 611 amplioribus
1117 528 1280 611 copiissss.

102 620 197 758 ἓξὲξ]
214 617 393 694 appararet.
450 609 541 690 Quae
585 611 691 673 omnia
733 608 874 695 Augusti
913 619 1056 694 tempore
1094 619 1219 695 patrata
1228 599 1290 650 Aue·

286 801 337 864 24.
382 799 498 866 Obitus
520 798 752 865 Adalberonist
773 799 1009 886 metropolitani
1017 810 1040 864 ³.

187 901 249 965 His
270 903 315 966 ita
335 903 434 986 gestis
456 921 521 964 non
541 899 640 965 multo
668 911 741 987 post
762 899 1023 986 metropolitanus
1046 903 1080 965 in
1101 903 1219 989 egritu-

97 985 211 1049 dinem
234 984 393 1066 decidens,
417 1006 499 1071 quae
520 984 668 1050 aGrecis
691 1005 810 1048 causon
819 995 840 1059 ²,
863 984 1019 1049 aLatinis
1035 987 1219 1053 incendium

99 1068 229 1150 dicitur,
244 1090 302 1154 per
316 1067 438 1215 libatos
449 1070 519 1154 regi
532 1078 608 1132 tuno
618 1069 732 1132 Parisii
747 1069 956 1131 commoranti
970 1068 1132 1150 indicavit,
1148 1092 1218 1134 sese

79 1151 138 1214 -in
158 1172 289 1236 gravm
310 1175 332 1216 v
365 1151 518 1216 'tudinem
540 1150 711 1234 decidisse3
733 1151 817 1215 unde
832 1160 863 1216 et
877 1153 906 1215 ei
921 1151 1154 1233 maturandum,
1176 1175 1217 1218 ne

100 1233 242 1299 Karolus
265 1236 319 1321 qui
348 1245 456 1299 cetera
476 1236 615 1299 Remosl‘
643 1237 739 1299 etiam
767 1234 964 1320 pervaderet.
1007 1236 1079 1299 Rex
1105 1237 1216 1301 accitis

100 1319 159 1404 qui
180 1317 321 1400 aderaut,
345 1340 423 1382 mox
443 1319 489 1382 ire
510 1318 677 1404 disposuit.
710 1318 782 1398 Quo
803 1319 837 1380 in
857 1318 969 1382 itinere
990 1318 1219 1406 aliquantisper

100 1399 259 1484 tardante,
281 1423 355 1466 oum
373 1400 634 1486 metropolitanus
648 1403 870 1466 insomnietate
885 1399 1041 1488 simulque
1056 1412 1086 1467 et
1101 1405 1216 1468 mentis

98 1483 291 1550 alienatione
312 1487 445 1548 nimium
466 1494 646 1566 vexaretur,
667 1483 816 1570 nullaque
839 1486 913 1548 crisi
935 1507 1044 1550 omnes
1067 1486 1135 1550 dies
1151 1507 1216 1552 cre·

99 1569 182 1631 ticos
196 1567 272 1631 huic
289 1569 460 1654 egritudini
475 1568 658 1632 commodos
674 1569 848 1652 preteriret,
864 1568 1025 1634 dissolutis
1041 1568 1215 1652 elementis,

100 1649 247 1716 debitum
268 1651 472 1717 humanitatis
495 1652 544 1716 10.
566 1650 638 1716 Kal.
660 1652 754 1716 Febr.
781 1651 917 1716 exsolvit
926 1662 947 1716 ³.
992 1653 1065 1733 Qua
1087 1653 1138 1717 die
1158 1676 1218 1718 rex
1227 1683 1289 1726 9892

99 1737 310 1820 tempestivus
331 1735 513 1816 adveniens,
534 1733 613 1799 urbe
634 1745 782 1821 receptus
805 1745 862 1800 est.
894 1736 932 1799 In
947 1737 1106 1824 exsequiis
1121 1737 1276 1802 efflamus.
1292 1743 1329 1787 ²³·

125 1818 261 1882 ontificis
312 1817 446 1882 lurimac
472 1820 746 1884 commiseratione
768 1817 939 1883 condoluit.
974 1819 1042 1885 Neo
1056 1842 1133 1886 vero
1149 1821 1217 1886 sine

98 1841 239 1966 liscrimis
300 1903 388 1987 'quot
408 1901 448 1966 de
470 1924 508 1967 eo
530 1903 744 1988 querimonias
771 1902 891 1966 habuit.
935 1902 1061 1988 Oorpus
1091 1926 1216 1991 quoque

99 1983 200 2049 multo
237 1984 357 2049 honore
389 1983 568 2070 sepulturae
600 1985 697 2068 dedit.
761 1984 856 2050 Cives
889 1985 1017 2050 domino
1050 1989 1216 2053 destitutos

97 2071 182 2132 mira
202 2070 414 2134 benivolentia
434 2067 553 2133 solatus
575 2079 632 2133 est.
666 2069 730 2150 Qui
752 2068 792 2133 de
813 2067 963 2132 fidelitate
978 2072 1046 2154 regi
1060 2070 1217 2135 servanda

99 2161 132 2217 et
152 2152 233 2217 urbe
248 2151 365 2216 tuenda
382 2153 577 2237 interrogati,
595 2152 692 2216 fidem
706 2154 819 2232 iurant,
841 2151 931 2215 urbis
946 2153 1111 2216 tuitionem
1125 2152 1216 2238 polli-

96 2244 221 2301 centur.
258 2233 382 2316 Quibus
405 2246 602 2300 sacramento
623 2236 769 2316 astrictis,
793 2237 901 2320 eisque
916 2233 1060 2301 libertate
1076 2235 1216 2320 eligendi

98 2319 222 2382 domini
252 2341 346 2405 quem
374 2317 491 2384 vellent
511 2319 551 2384 ab
573 2341 649 2404 rege
671 2340 829 2402 concessa,
858 2339 918 2382 rex
943 2316 984 2381 ab
1007 2321 1052 2384 eis
1075 2320 1214 2385 dimotus

95 2403 258 2467 Parisium
280 2401 416 2467 devenit.

191 2521 241 2585 25.
267 2546 270 2551 ·
287 2520 455 2602 Quomodo
476 2519 653 2585 Arnulfusd
673 2519 1002 2606 archiepiscopatumd
1022 2522 1123 2607 petiit.

184 2621 251 2687 Ubi
272 2645 346 2687 cum
368 2623 408 2688 de
428 2621 615 2688 liberalitate
637 2633 668 2688 et
681 2621 744 2687 fide
760 2623 879 2687 civium
893 2622 1099 2687 Remensium
1112 2621 1214 2688 laetus

96 2715 287 2788 moraretur,
319 2705 499 2787 Arnutfuse,
531 2705 675 2772 Lotharii
703 2706 821 2788 filiust,
843 2729 902 2792 per
931 2705 1105 2791 quosdamf
1130 2708 1215 2792 regis

99 2791 268 2874 stipatores
290 2787 331 2853 ab
352 2813 427 2876 rege
449 2791 668 2876 episcopatum
695 2791 874 2876 expetebat,
904 2789 1058 2854 Karolum
1087 2812 1215 2876 quoque

98 2883 251 2958 patruum
273 2895 342 2938 sese
371 2873 570 2939 deserturum
596 2873 736 2956 mandat,
763 2873 859 2938 fidem
887 2873 1036 2960 spondet,
1065 2877 1215 2960 regisque

160 2996 184 3049 a)
200 2999 261 3049 albe,
278 3010 322 3049 opo
337 2998 394 3040 absc.
468 2998 493 3051 b)
510 2999 570 3039 hanc
585 3001 655 3040 etism
672 3003 691 3040 1.
768 2998 789 3051 c)
805 3001 928 3050 plurimam
942 3013 960 3040 e.
1034 2997 1057 3050 d)
1074 2998 1216 3054 A(rnultus),

99 3057 212 3109 arohi,1n
228 3058 284 3097 obss.
360 3056 381 3108 e)
396 3058 424 3101 A.
440 3069 458 3100 e.
533 3056 645 3109 slBuroh
659 3059 724 3097 scribi
738 3063 841 3108 coeptum.

176 3149 204 3218 1)
225 3151 266 3203 cf.
286 3152 409 3204 Gerberti
429 3154 505 3219 epist.
527 3152 587 3216 158,
608 3153 650 3204 ed.
662 3152 759 3204 Olleris
779 3170 806 3218 p.
826 3153 877 3202 88:
895 3161 955 3219 post
973 3153 1118 3218 meridiem,
1137 3170 1214 3205 oceu-

94 3223 171 3290 patis
189 3223 316 3275 militibus
334 3224 413 3292 sepiis
437 3225 499 3277 aino
518 3233 542 3277 et
560 3242 665 3288 somno,
692 3223 822 3289 oppidani
847 3225 907 3276 totis
931 3225 1031 3276 uiribus
1055 3225 1216 3291 eruptionem

92 3298 227 3362 feeersmt,
246 3296 393 3364 nostrisque
411 3296 590 3350 resistentibus
606 3315 637 3347 oe
655 3314 697 3348 eos
709 3298 903 3362 repellentibus,
924 3297 1077 3349 emendicis
1098 3305 1214 3349 cremata

99 3375 163 3421 sunt
182 3376 279 3422 eastra.
328 3369 384 3432 Quo
403 3370 522 3422 incendio
541 3369 624 3421 omnis
650 3378 798 3445 apparatus
822 3368 963 3421 obsidionis
991 3370 1144 3434 absumptus
1169 3375 1216 3420 est.

103 3441 178 3503 Quae
197 3442 298 3493 domna
316 3444 342 3496 8.
353 3442 416 3495 Kal.
435 3443 507 3509 Sept.
526 3442 695 3509 multiplicius
714 3443 988 3504 recessissemus
1008 3443 1099 3508 Sigeb.
1110 3458 1127 3491 a
1146 3440 1214 3492 988:

100 3515 182 3582 Hupo
202 3531 251 3566 ren
269 3515 399 3567 Karolum
416 3515 444 3566 in
464 3515 602 3567 Lauduno
621 3516 734 3579 obsidet,
763 3516 810 3567 secl
829 3516 942 3566 secunde
961 3513 1103 3577 obsidionis
1128 3530 1214 3566 mense

100 3587 200 3639 obsessi
219 3587 395 3653 prosilientes,
422 3595 511 3640 castro
535 3587 708 3641 obsidentium
725 3588 910 3651 incenderunt,
936 3595 960 3639 et
984 3586 1040 3653 ipse
1058 3602 1106 3638 reu
1124 3587 1215 3653 Eupo,
1311 3619 1314 3624 -

96 3658 224 3725 plurimis
243 3678 351 3712 suorum
364 3661 523 3728 peremptis,
551 3661 663 3728 turpiter
674 3660 787 3729 supteno
803 3659 850 3713 ein
869 3659 961 3712 euasit.
1054 3659 1083 3726 2)
1102 3653 1214 3711 καύσων.

102 3732 132 3800 3)
152 3732 252 3785 Olleris
271 3751 298 3800 p.
317 3735 380 3790 529.
402 3751 462 3786 cum
475 3735 631 3786 Msbillonio
651 3741 762 3786 mortem
781 3734 958 3785 Adalberonis
977 3735 1005 3783 in
1024 3749 1049 3785 a.
1060 3732 1122 3784 989.
1141 3739 1215 3784 recte

102 3805 237 3857 collocare
261 3807 374 3859 videtur.
423 3808 501 3860 Certe
526 3825 580 3859 non
605 3825 630 3859 a.
650 3808 711 3871 990.
738 3808 789 3858 hoo
809 3807 928 3858 adscribi
946 3813 1041 3872 potest.
1079 3808 1149 3859 Nam
1166 3807 1214 3856 Ar-

102 3879 192 3930 nulfus
213 3881 269 3931 eius
289 3897 429 3932 successor
448 3882 531 3932 ‘sexto
551 3897 642 3932 mense
662 3882 695 3931 ab
716 3882 772 3931 eius
793 3881 960 3930 ordinatione
979 3879 1095 3930 nondum
1115 3879 1214 3946 elapso'

102 3952 195 4002 urbem
216 3953 250 4002 ab
270 3953 345 4005 hoste
366 3959 472 4020 captam
490 3954 572 4016 vidit;
593 3954 687 4004 decem
707 3960 734 4004 et
752 3959 812 4004 octo
833 3954 963 4004 continuis
983 3954 1132 4016 mensibus,
1151 3959 1216 4003 uta

104 4029 201 4091 coepto
227 4025 383 4090 desisteret,
408 4028 523 4077 monitus
548 4031 606 4090 est;
631 4031 691 4093 post
716 4025 779 4077 ficte
804 4026 914 4092 Hugoni
944 4027 1002 4090 regi
1027 4025 1216 4076 reconciliatus

103 4096 186 4147 fidem
210 4097 306 4163 fregit,
332 4106 359 4150 et
385 4100 427 4151 his
452 4101 535 4165 gestis
560 4114 650 4150 mense
674 4099 752 4149 Iunio
779 4101 841 4149 991.
866 4099 1001 4164 depositus
1021 4107 1062 4150 est
1081 4097 1218 4164 (Gerberti

103 4172 183 4235 epist.
209 4171 271 4234 193,
296 4189 322 4238 p.
344 4171 417 4239 109).
464 4174 549 4237 Igitur
571 4187 633 4222 vere
658 4188 680 4224 a.
708 4171 770 4222 989.
798 4187 857 4222 eum
881 4177 1030 4237 promotum
1056 4186 1114 4221 esse
1133 4175 1216 4236 patet.

104 4241 135 4308 4)
156 4259 189 4292 ex
213 4246 377 4308 concubina3
404 4246 439 4297 cf.
459 4247 530 4310 Hug.
549 4244 627 4296 Flav.
649 4245 696 4296 SS.
717 4245 793 4308 VIII,
816 4262 843 4310 p.
864 4244 926 4306 365,
953 4259 1022 4308 quae
1049 4244 1157 4292 minime
1184 4257 1217 4292 ex

104 4316 221 4368 Richsro
241 4323 327 4369 sumta
345 4324 413 4370 sunt.
