2820 4824
318 380 470 432 RIOHERI
491 380 744 432 HISTORIARUM
763 380 874 431 LIBER
893 381 916 430 1.
1145 382 1178 431 17

59 561 159 615 turus.
209 547 253 612 At
275 549 330 634 qui
352 547 535 612 confluxere
563 546 707 611 Rotberti
734 555 840 632 partes
869 546 1055 629 tuebantur,
1085 548 1237 611 cuiusao.

59 656 156 697 suasu
179 634 280 717 eapti,
307 632 346 696 de
369 631 556 716 Haganonis
580 629 757 695 abiectione
779 630 867 716 apud
888 642 1016 715 regema
1062 640 1176 695 ertrae-

58 727 136 798 tant,
159 737 223 780 non
245 727 280 780 ut
301 716 335 779 id
356 715 426 779 fieri
447 714 553 795 velint,
577 714 633 778 sed
654 723 690 777 ut
703 714 859 798 regnandi
882 715 1006 778 occasio
1053 715 1175 780 otberto

84 809 217 865 aretur1.
266 800 488 864 Abiectionem
525 800 633 883 itaque
660 797 848 882 Haganonis
885 797 998 862 leviter
1031 799 1175 863 suadent.

94 906 187 947 neem
202 885 297 948 etiam
312 904 331 945 a
346 906 379 947 se
394 882 618 963 discessurum,
642 882 668 944 si
683 903 748 944 non
761 882 888 960 abiciat,
910 882 1062 947 mediocri
1076 905 1176 946 asser-

59 969 145 1032 tione
161 967 386 1047 demonstrant,
403 967 552 1052 quatinus
567 965 630 1029 levi
646 963 866 1050 obiurgatione
882 968 962 1029 rexb
983 967 1174 1030 ammonitus

60 1052 182 1136 coeptis
204 1052 348 1116 insistere
369 1072 434 1114 non
455 1049 613 1113 formidet.
666 1048 761 1112 Unde
790 1058 821 1112 et
842 1051 933 1134 postb
964 1058 1074 1113 contra
1102 1071 1176 1114 eum

59 1136 264 1199 iustissimam
285 1134 512 1218 indignationis
536 1154 665 1197 causam
688 1154 722 1195 se
743 1132 908 1196 habituros
930 1133 1175 1198 arbitrabantur.

61 1218 157 1300 Quod
190 1219 285 1282 etiam
317 1228 420 1282 totum
453 1217 494 1280 ad
525 1228 600 1280 vota
632 1238 742 1281 eorum
775 1218 931 1302 provenit.
993 1217 1095 1280 *Nam
1117 1228 1267 1280 rex‘rols·

59 1302 167 1366 nullac
189 1303 336 1365 suasione
357 1301 506 1382 affectus,
527 1300 725 1386 numquamd
751 1322 770 1363 a
792 1299 907 1364 dilecto
930 1322 999 1364 sese
1022 1299 1190 1364 discessu·

59 1409 132 1450 rum
152 1384 325 1469 respondit.
367 1384 468 1470 quue
490 1385 596 1448 multis
619 1385 846 1448 sententiarum
875 1382 1072 1448 sermonibus
1094 1405 1178 1455 asse-

60 1470 175 1534 rebat..
215 1467 310 1549 Quod
342 1472 438 1532 cum*
470 1467 641 1533 Rotbertus
674 1468 742 1531 dux
773 1469 807 1530 in
839 1469 919 1532 eius·
939 1468 1045 1530 animo
1075 1467 1177 1530 fixum

60 1554 255 1638 perciperet,
287 1552 439 1616 Heinrico
466 1552 737 1616 Transrhenensie
767 1574 825 1636 per
852 1551 993 1637 legatos⁰
1023 1551 1062 1615 de
1092 1552 1177 1635 regis
1262 1603 1265 1613 .

60 1637 234 1702 eiectione⁰
257 1635 369 1701 suadet
381 1649 402 1699 θ.
447 1634 676 1721 Oompererat⁰
699 1637 810 1717 enims,
833 1657 907 1699 eum
929 1656 948 1696 a
969 1635 1065 1722 regiis
1082 1635 1177 1720 stipa-

60 1721 199 1785 toribus⁰
221 1721 254 1782 in
268 1721 400 1806 fugame
422 1729 584 1802 coactum,
605 1719 707 1784 undee
730 1730 762 1784 et
784 1719 823 1782 de
839 1741 873 1782 se
888 1719 1003 1782 {ideme
1026 1719 1177 1784 continuo

59 1805 168 1869 fenita*
215 1803 313 1869 Onius
341 1814 516 1868 eonsensu⁰
539 1805 703 1868 tirannuse
725 1825 802 1867 mox
823 1802 959 1884 laetuss,
982 1804 1016 1866 in
1038 1825 1107 1868 sese
1129 1825 1176 1867 re-

58 1899 180 1974 gnum&
209 1888 401 1953 transferres
429 1887 618 1973 diligenter&
640 1886 806 1952 laborabat
814 1899 837 1950 ἓ.
880 1888 1031 1971 Largitur
1058 1888 1177 1972 igitur&

59 1972 336 2058 plurima‘atquess
356 1969 524 2056 pollicetur
537 1971 691 2037 infinitah.
729 1971 952 2056 Tandemquei
972 1971 1120 2036 inductos
1136 1969 1176 2034 de

59 2055 236 2140 transfugio
251 2058 314 2119 iam
337 2056 524 2140 principesb
546 2064 655 2140 aperte
675 2053 736 2119 allo
761 2055 855 2134 uitur,
877 2077 995 2139 regern,
1018 2057 1176 2140 inquiens,

60 2139 240 2205 Suessionis
261 2161 329 2204 sese
350 2139 531 2224 priuatumk
554 2139 680 2219 habere,
703 2077 819 2223 Bdigas
839 2148 945 2223 preter
966 2140 1176 2225 paucissimos

58 2223 115 2285 ad¹
139 2245 197 2287 sua
218 2223 410 2287 discessisse.
455 2221 549 2286 Unde
571 2232 602 2286 et
623 2223 669 2286 rei
692 2222 950 2286 commoditatem
978 2222 1091 2285 adesse
1113 2242 1177 2286 me·

59 2305 251 2388 morabatm,
271 2305 421 2369 facillime
443 2314 474 2370 et
495 2310 537 2369 eir
558 2326 661 2390 aequo
683 2327 791 2390 regem
813 2328 907 2390 posse
929 2306 1002 2391 capi
1023 2327 1201 2386 asserens,.

61 2391 88 2452 si
110 2390 174 2474 ipsi
196 2411 304 2453 omnes
326 2387 480 2473 palatium
502 2389 617 2453 adeant
638 2389 703 2452 acsi
725 2390 915 2471 consulturi,
943 2390 977 2451 in
1005 2391 1077 2474 ipso
1100 2409 1176 2473 quo·

63 2493 125 2556 que
147 2472 258 2557 palatii
279 2470 426 2537 cubiculo
449 2473 530 2537 inter
551 2471 781 2536 consulendum
803 2496 912 2558 regem
934 2473 1063 2558 capiant
1091 2482 1175 2538 tene-

61 2566 190 2641 antque.
232 2555 293 2619 His
314 2555 422 2620 favent
443 2577 551 2620 omnes
579 2578 660 2641 pene
683 2579 725 2620 ex
747 2555 869 2621 Celtica
898 2568 928 2622 et
958 2556 996 2620 de
1018 2555 1175 2642 patrando

60 2639 201 2704 facinore
230 2639 317 2725 apud
345 2641 505 2704 tirannum
538 2641 712 2706 coniurant.
767 2639 925 2705 Palatium
958 2662 1034 2724 ergo
1058 2640 1177 2704 adeunt

59 2737 254 2810 regemque¹¹
276 2732 387 2810 utpote
409 2722 583 2788 consulturi
605 2726 731 2811 stipant.
774 2726 996 2789 Intromissum
1025 2746 1100 2789 vero
1124 2746 1177 2788 cu·

60 2806 234 2890 biculo,.ut
253 2809 366 2893 paucis
387 2805 515 2873 allocuti
537 2820 619 2891 sunt,
641 2810 773 2895 capiunt
800 2820 860 2872 ac⁰
882 2817 1019 2875 tenent0.

82 2928 132 2991 22.
176 2924 362 2992 Heriveusi
384 2928 669 3014 metropolitanusv
691 2927 847 2993 Karoium
869 2950 888 2992 a
910 2927 1147 2993 desertoribusr

306 3022 436 3096 captum
456 3011 592 3076 liberata
615 3015 795 3099 Remosque
817 3013 906 3076 ducit
914 3024 938 3075 Ρ.

145 3112 277 3196 Iamque
299 3111 459 3176 abducere
480 3114 676 3195 nitebantur,
707 3136 781 3178 cum
801 3112 1063 3200 metropolitanus
1085 3113 1177 3178 Heri-

62 3216 141 3259 veus
164 3216 237 3257 cum
261 3195 361 3279 copiis
383 3197 565 3280 repentinus
594 3196 706 3260 urbem
738 3197 962 3262 Suessonicam
991 3196 1177 3280 ingreditur.

62 3278 161 3362 Regis
183 3279 268 3341 enim
295 3276 463 3360 sollicitus,
491 3278 687 3343 desertorum
713 3279 856 3345 fraudem
883 3290 1093 3367 presenserat.
1136 3280 1180 3343 Et

61 3365 132 3448 ipse
155 3361 307 3448 quidemr
328 3362 417 3449 prius
440 3383 513 3426 cum
534 3363 662 3448 paucis,
683 3371 757 3447 post
777 3385 853 3428 vero
875 3366 959 3448 sui‘,
979 3364 1105 3430 favente
1126 3363 1180 3426 Ri-

137 3505 160 3573 *)
182 3523 204 3558 c.
224 3509 402 3574 principanio
422 3523 445 3559 e.
465 3523 490 3558 a.
509 3507 527 3557 f.
547 3509 715 3574 perciperent
737 3509 760 3558 1.
798 3507 859 3558 Post
885 3514 998 3573 quotuor
1025 3507 1100 3559 tineis
1120 3513 1175 3558 toto

182 3579 311 3646 captionis
331 3581 441 3631 bistonio
459 3580 581 3631 absoluto
600 3587 665 3644 orat,
685 3580 780 3647 quibus
799 3581 855 3631 tom
874 3580 966 3644 erosis,
986 3583 1074 3632 omnio
1093 3597 1175 3646 usquo

183 3655 266 3718 Regis
295 3655 364 3704 enim
392 3653 532 3717 sollicitus,
562 3653 725 3706 desertorum
753 3653 873 3705 fraudem
902 3660 1096 3723 praesenserat.
1142 3656 1177 3704 Et

182 3726 286 3791 compsit
305 3725 448 3777 maximam
461 3735 567 3792 portam
586 3727 615 3778 ιἰι
633 3744 716 3795 marg.
736 3728 761 3778 2.

124 3833 146 3885 ιι)
164 3846 216 3876 eum
234 3838 254 3877 1.
314 3833 337 3885 b)
350 3840 400 3884 post
415 3836 465 3876 add.
527 3835 547 3887 e)
565 3837 683 3876 levissima
700 3838 721 3876 i.
782 3834 805 3886 d)
823 3837 927 3886 quaedam
943 3847 1014 3877 croso.
1077 3834 1099 3887 e)
1116 3846 1177 3886 rans,

66 3896 137 3945 legat,
153 3895 211 3946 eiec,
227 3899 257 3944 ct,
274 3893 338 3944 Gom,
354 3894 393 3945 im,
409 3894 476 3943 stipa,
491 3894 577 3945 rugam,
593 3906 632 3946 un,
648 3896 717 3946 idem,
734 3896 785 3947 ecit,
801 3907 815 3935 u
831 3897 848 3935 ti
864 3896 920 3936 abac.
972 3892 1037 3946 Ome
1047 3894 1180 3936 ....tuooel

65 3957 201 3997 me....tus
217 3954 276 4001 ood.;
298 3952 367 3992 medio
382 3953 462 3991 omaso
477 3959 535 3994 root.
597 3952 620 4005 g)
638 3964 686 4007 reg,
708 3965 766 4005 erre,
789 3957 830 4005 ter,
852 3953 912 4005 abst,
935 3954 1003 4002 gitur,
1027 3956 1096 4003 atque
1120 3955 1178 3995 otoo.

65 4010 89 4063 h)
105 4013 137 4050 tto
154 4011 235 4061 Tritt.,·
266 4012 306 4051 tini
328 4011 386 4052 abac.
451 4009 468 4061 i)
486 4021 568 4060 emque
584 4013 640 4054 abac.
717 4011 741 4063 k)
758 4023 797 4052 um
817 4013 872 4053 abso.
949 4010 966 4063 l)
983 4013 1012 4052 ad
1028 4022 1046 4053 s.
1060 4017 1110 4062 post
1126 4013 1178 4052 odd.

65 4069 97 4121 m)
112 4071 206 4120 primum
221 4081 235 4110 a
249 4071 306 4110 abac.
367 4067 392 4120 n)
408 4079 485 4118 regem
500 4072 570 4111 etiam
585 4082 635 4111 corr
659 4081 784 4120 regemque
854 4069 876 4123 o)
894 4073 917 4111 et
932 4071 995 4111 velut
1010 4071 1180 4111 consultantem

64 4140 118 4170 cnm
142 4130 221 4179 paucis
244 4130 305 4169 intro
334 4128 458 4169 dimittunt.
493 4129 541 4179 Ipsi
564 4140 655 4180 quoque
676 4132 805 4180 captionem
828 4128 998 4169 dissimulantes
1022 4130 1179 4177 erredmntnr.

67 4188 148 4236 (ιιιίὸιιι
172 4187 243 4227 dotatis
266 4198 293 4227 ac
316 4190 396 4228 tenent
417 4187 519 4236 ιενίριιιιιι
542 4192 579 4229 ort.
650 4187 675 4239 p)
690 4199 723 4239 us,
739 4189 833 4229 titanus.
849 4192 892 4240 rto,
908 4198 931 4226 m
947 4189 1038 4239 liberat,
1059 4188 1107 4228 neti
1121 4188 1180 4230 abac.

66 4246 90 4300 q)
102 4252 152 4296 post
167 4247 216 4287 add.
241 4257 262 4286 e.
278 4257 301 4296 p.
317 4247 380 4296 prius
395 4245 523 4294 ingreditur
538 4247 559 4288 1.
620 4245 640 4298 r)
657 4257 710 4287 suos
728 4269 753 4278 -
770 4247 870 4287 admittit
886 4248 907 4288 1.

142 4340 169 4407 1)
189 4340 324 4393 Flodoard
337 4343 406 4393 Anu.
420 4358 443 4392 a.
459 4341 520 4393 920.
541 4346 567 4392 et
580 4341 649 4393 Hist.
663 4341 740 4391 Rem.
753 4342 800 4403 IV,
814 4342 855 4392 tt.
865 4340 933 4390 haec
947 4340 1063 4392 breviter
1075 4345 1175 4391 namot.

932 4423 958 4486 ‘t
