2820 4824
351 350 503 403 RICHERI
522 349 774 402 HISTORIARUM
794 343 945 402 LIBERI.
1173 354 1208 403 33

95 521 136 584 ab
159 519 301 583 exercitu
322 517 434 583 cedere
457 517 558 580 coacti
579 525 661 580 sunt.
711 520 761 581 Ac
783 519 924 599 coartati,
958 517 1040 582 saltu
1069 519 1208 605 quodam
1220 535 1270 576 aas.

94 604 195 667 vitam
217 602 298 667 tueri
318 600 510 669 nitebantur.
543 599 587 664 At
609 602 768 665 exercitus
791 603 1040 688 circumquaque
1057 625 1111 666 eos
1126 604 1209 668 obsi-

95 687 183 767 dem,
205 686 285 749 adeo
307 685 450 770 urgebat.
483 682 533 747 Illi
547 706 623 749 vero
644 695 741 749 noctu
764 687 928 770 eruptione
942 685 1035 766 facta,
1057 687 1092 749 in
1106 696 1210 750 castra

93 771 177 854 regis
206 769 360 834 feruntur.
410 768 454 832 Et
483 766 741 833 circumvallante
770 771 914 834 exercitu
935 771 1062 854 penitus
1083 769 1208 852 inclusi,

94 851 267 918 miserabili
288 852 433 916 fortunae
456 852 663 916 succubuere.
708 850 790 916 Octo
812 875 950 938 namque
966 875 1077 918 eorum
1098 853 1207 917 milia¹

93 938 138 1001 ibi
160 957 234 1002 cesa
255 935 446 1000 referuntur.
499 933 571 1014 Quo
592 933 731 997 tumultu
758 947 837 999 rex³
858 938 940 1001 inter
960 936 1109 1002 humeros
1138 959 1208 1001 sau-

94 1022 205 1103 ciatus,
229 1019 452 1103 Hildegaudus
470 1040 555 1094 vero,
579 1016 746 1081 clarissimi
760 1021 885 1103 generis
900 1042 1016 1101 comes,
1040 1022 1208 1106 interemp-

94 1114 145 1168 tus
176 1114 240 1185 est3
280 1101 397 1187 aliique
426 1100 570 1164 nonnulli
596 1122 655 1164 nec
682 1110 790 1165 tamen
822 1101 928 1188 aliquo
961 1105 1089 1168 nomine
1121 1104 1207 1168 clari.

93 1183 165 1252 Rex
187 1187 321 1250 victoria
342 1186 472 1270 potitus⁷
495 1184 687 1247 Laudunum
710 1185 813 1250 rediit.

409 1308 413 1315 '
465 1304 515 1369 52.
547 1304 657 1369 Lunae
679 1304 845 1370 defectiob.

180 1407 271 1470 Tunc
299 1407 394 1472 etiam
423 1404 498 1469 luna
526 1406 574 1470 14.
604 1417 705 1472 terrae
729 1405 856 1471 obiectu
878 1405 1057 1488 obscurata,
1086 1408 1211 1472 visibus
1223 1429 1272 1470 aar.

96 1492 308 1554 intuentiumc
341 1489 465 1554 defecit.
517 1490 613 1554 Acies
645 1511 772 1576 quoque
800 1491 913 1575 igneae
942 1491 1050 1554 Remis
1078 1492 1112 1554 in
1144 1489 1211 1557 celo

95 1577 183 1638 visae
206 1585 288 1638 sunt.
336 1572 460 1654 Quibus
481 1574 737 1660 presagientibus
759 1574 869 1659 signis,
901 1571 1039 1637 febrium
1061 1596 1098 1638 ac
1120 1578 1214 1640 tussi-

96 1657 240 1722 cularum
265 1656 396 1722 morbus
424 1680 440 1721 e
469 1657 604 1741 vestigio
633 1659 770 1744 irrepsit.
821 1657 916 1722 Unde
945 1657 1089 1722 nonnulli
1116 1657 1212 1724 loeta·
1341 1725 1344 1730 ,

95 1741 168 1807 liter
196 1741 312 1824 affecti,
336 1741 525 1808 occubuere.
551 1757 552 1762 ’
575 1741 657 1806 Onm
684 1741 733 1806 his
762 1762 888 1827 quoque
910 1750 941 1806 et
965 1741 1069 1806 litium
1097 1741 1213 1806 tumul·
1260 1744 1263 1749 ⁴

96 1827 195 1890 tuatio
210 1827 417 1910 interregem
439 1846 476 1890 ac
499 1824 714 1907 Heribertum,
737 1827 792 1911 qui
807 1823 964 1890 Karolum
986 1824 1044 1889 sub
1068 1827 1213 1892 custodia

96 1910 267 1990 detinebat,
299 1931 363 1973 non
394 1909 522 1973 modica
554 1910 726 1974 subsecuta
754 1917 849 1994 atque
878 1910 1060 1994 exagitant
1087 1921 1143 1992 est,
1174 1932 1211 1976 eo

98 1994 185 2079 quod
211 1993 401 2058 Heribertus
429 1993 469 2057 ab
491 2014 568 2076 rege
589 1994 688 2056 nimia
709 1994 890 2078 expetebat,
917 2015 976 2057 rex
996 2015 1073 2058 vero
1104 2002 1213 2079 utpote

97 2076 269 2141 insatiabili
289 2075 368 2140 nihil
389 2075 681 2141 accommodabat&

434 2196 485 2281 33.
511 2194 644 2258 Karolie
665 2193 811 2260 liberatio
820 2208 843 2262 θ.

183 2298 265 2382 Regi
286 2319 361 2380 ergo
383 2298 486 2360 minas
508 2293 699 2359 Heribertus
720 2295 898 2376 intendens,
927 2294 1083 2359 Karolum
1104 2319 1213 2382 regem

99 2403 119 2443 a
141 2401 266 2444 carcere
288 2381 440 2444 eductum
462 2380 495 2441 in
516 2378 959 2463 pagumeeromandensem
981 2379 1124 2460 deduxit,
1151 2401 1216 2444 non

99 2474 135 2528 ut
156 2475 278 2548 regnoss
306 2462 408 2527 fidelis
437 2484 510 2527 eum
536 2462 724 2541 restitueret,
757 2473 791 2528 at
811 2471 847 2525 ut
868 2485 910 2526 ex
932 2462 1017 2527 *eius
1047 2463 1266 2539 eductione..
1283 2487 1336 2532 sss.

98 2547 240 2633 aliquam
263 2547 443 2632 suspectish
465 2544 668 2609 formidinem
689 2547 854 2611 incuteret.
887 2545 1093 2611 Nortmannis
1109 2549 1153 2611 ita
1175 2569 1216 2612 ue

97 2631 261 2696 accersitis
288 2643 384 2717 atque
411 2628 499 2716 apud
527 2628 683 2714 oppidum
704 2627 833 2715 Augam
862 2628 1013 2710 collectis,
1043 2631 1132 2697 eumi
1155 2569 1215 2695 (ile-

98 2715 202 2796 ducit3
224 2715 332 2801 ibique
354 2712 461 2777 filiusk
475 2711 616 2777 Rollonis
659 2715 803 2799 yrataeb
827 2713 866 2778 de
889 2715 978 2778 cuius
999 2714 1216 2780 interfectione

97 2801 163 2862 iam
188 2797 324 2862 relatum
349 2806 428 2879 est³,
450 2797 534 2882 regis
556 2735 704 2862 manibus
726 2819 795 2862 sese
817 2797 1025 2862 militaturum
1048 2799 1217 2864 committit

97 2883 258 2968 fidemque
274 2881 409 2968 spondet
427 2903 465 2945 ac
487 2891 683 2945 sacramento
706 2881 822 2945 firmat.

195 3003 245 3066 54.
276 3001 455 3066 Sententia¹
476 3000 639 3090 Ropnau]
662 3002 777 3086 petita¹
799 3000 947 3089 ab[sque¹
970 3001 1122 3090 effe]ctu¹.
1166 3072 1168 3075 ,

184 3103 313 3167 Exinde
328 3102 516 3167 Heribcrtus
530 3101 667 3166 Rodulfo
685 3104 753 3188 regi
769 3102 925 3183 invidens,
947 3102 1121 3166 admodum
1142 3103 1216 3166 insi-

102 3186 259 3251 diabatur.
310 3185 405 3249 Unde
433 3193 464 3250 et
491 3207 565 3248 cum
592 3184 712 3248 Karolo
734 3187 851 3250 Remos
877 3186 1060 3266 deveniens,
1089 3208 1148 3271 pro
1178 3207 1216 3250 eo
1229 3207 1280 3246 aas.

102 3271 239 3333 Romam
265 3267 388 3353 legatos
418 3269 528 3352 dirigit
556 3289 595 3331 ac
620 3269 755 3332 Iohanni
783 3291 886 3355 papae
913 3268 1080 3356 epistolam
1111 3270 1217 3350 mittit,

103 3373 279 3438 perquam
302 3350 513 3437 significabat,
543 3360 652 3415 contra
675 3351 831 3416 Karolum
853 3375 912 3417 nec
935 3376 1003 3418 sese
1026 3353 1218 3433 coniurasse,

103 3457 163 3501 nec
184 3437 409 3500 coniurationis
432 3435 596 3500 conscium
616 3435 724 3516 fuisse,
746 3437 918 3500 coniuratis
939 3445 1062 3501 tantum
1083 3437 1219 3500 invitum

105 3521 252 3601 cessisse3
274 3520 359 3584 unde
381 3530 467 3584 etse
488 3518 570 3585 velle
591 3517 774 3604 plurimum,
797 3529 833 3584 ut
846 3518 984 3584 Karolus
1007 3541 1106 3604 regno
1129 3519 1218 3584 resti-

103 3613 220 3687 tuatur,
249 3605 303 3689 qui
330 3604 484 3668 innocens
506 3606 573 3668 sinc
596 3623 692 3666 causa
718 3603 862 3668 abiectus
889 3604 945 3686 sit3
977 3624 1038 3667 nec
1060 3601 1163 3666 solum
1186 3623 1219 3666 se

103 3689 138 3751 in
158 3688 218 3752 hac
246 3709 315 3753 esse
344 3689 509 3769 sententia,
538 3696 571 3751 at
599 3688 793 3772 optimorum
822 3698 998 3774 quosquem
1026 3695 1132 3772 preter
1160 3685 1219 3749 hos

105 3772 160 3858 qui
181 3771 273 3835 donis
299 3769 528 3856 multiplicibus
556 3773 696 3856 corrupti
724 3772 821 3852 sint¹¹3
855 3779 1071 3856 quapropter⁰
1098 3769 1220 3855 etipse

164 3943 186 3995 a)
203 3955 223 3988 r.
238 3955 251 3984 a
266 3946 331 3991 tergo
349 3944 368 3984 1.
428 3941 452 3994 b)
469 3943 504 3994 dc,
520 3943 542 3982 ic
558 3943 614 3984 abac.
675 3941 697 3995 c)
713 3944 816 3994 aspici..
834 3945 855 3986 l.
910 3939 933 3993 d)
950 3942 1040 3982 modica
1056 3943 1137 3982 exorta
1151 3944 1186 3982 est
1203 3943 1222 3980 l.

104 4000 127 4053 a)
144 4002 353 4053 saltationem.
413 3999 565 4052 bingionum
582 4003 602 4044 1.
662 4001 685 4054 g)
702 4003 799 4053 pustino
814 4012 839 4041 re
856 4002 876 4040 1.
922 3999 945 4052 h)
959 4006 1010 4050 post
1024 4001 1075 4040 add.
1120 3998 1223 4050 i)K.1.

105 4079 130 4188 kp
146 4080 174 4178 g.
184 4079 206 4177 ἔ.
224 4079 252 4119 tls
269 4081 289 4119 1.
335 4076 776 4130 1)maneamusqueeffecta.
827 4075 858 4128 m)
876 4078 1001 4118 nonnullos
1018 4079 1038 4118 1.
1099 4057 1162 4127 nffi
1176 4073 1224 4114 cod.

105 4148 119 4177 c
168 4149 183 4177 n
200 4148 213 4178 c
232 4141 251 4178 1.

181 4249 209 4315 1)
227 4248 297 4302 mille
316 4259 340 4303 ct
355 4220 457 4303 costam
476 4249 652 4302 Flodoarduc.
727 4248 756 4316 2)
775 4250 853 4300 Haec
866 4250 1017 4301 accuratius
1031 4250 1121 4298 narrat
1140 4242 1219 4294 Flod.

106 4321 136 4388 3)
157 4339 180 4374 c.
197 4323 232 4371 30
252 4321 313 4386 n.**,
333 4323 405 4390 quod
424 4331 514 4376 tamen
533 4324 591 4390 ipsc
612 4323 719 4375 delevit.

974 4406 994 4468 3
