2820 4824
193 354 246 404 120
438 349 593 400 RIOHERI
612 347 864 399 HISTORIARUM
884 347 995 399 LIBER
1014 347 1069 398 111.

133 537 184 578 aro.
195 517 387 604 compendii
401 516 480 582 colle
505 518 537 581 ‘t.
566 515 681 603 Ibique
695 536 715 578 a
729 514 811 578 duce
825 500 1020 601 reliquisque
1033 515 1236 614 principibus
1249 516 1303 580 Lu-

196 603 329 667 dovicus
344 622 404 663 rex
418 601 478 665 adc
491 610 625 682 amatus,
640 622 697 684 per
708 596 987 684 metropolitanum
999 620 1189 684 episcopum
1201 599 1303 664 Remo·

195 708 277 768 rum,
289 685 404 768 dignae
414 683 565 749 videlicet
575 683 747 747 memoriae
759 681 1004 763 Adalberonem,
1020 693 1131 747 sancta
1141 683 1195 748 die
1206 693 1302 768 pente-

95 796 146 836 1un.
164 796 186 838 s.
197 779 300 834 costes
307 769 340 830 in
348 790 482 852 regnum
489 768 685 831 Francorum
696 765 1085 851 promotusest¹.Du0bus
1093 788 1171 852 ergo
1180 789 1302 852 regnan-

81 850 118 905 Ῥ·
134 851 284 918 ⁶²⁷·tibus
307 851 375 914 dux
397 850 513 914 *multa
535 849 720 915 affabilitate
741 871 779 912 ac
800 848 954 914 famulatu
976 848 1148 936 multiplici
1169 873 1228 937 per
1244 853 1302 915 dies

197 936 304 1023 plures
326 957 395 999 sese
417 932 674 1015 commendabat;
696 932 776 997 adeo
791 934 912 1018 regiam
928 933 1119 1018 dignitatem
1134 958 1194 1021 per
1208 936 1302 998 omnia

198 1017 362 1101 extollens,
391 1030 423 1084 ct
444 1029 532 1081 sesea
554 1019 600 1082 eis
623 1016 820 1166 supplicemb
847 1026 1039 1099 monstrans,
1068 1040 1102 1082 se
1133 1019 1230 1082 etiam
1249 1019 1301 1082 fac-

197 1115 304 1169 turum
336 1101 509 1189 pollicem,
541 1111 577 1165 ut
608 1122 702 1164 amo
736 1100 883 1186 gentibus
915 1102 979 1164 iam
1006 1101 1137 1165 domitis
1169 1111 1302 1187 potenter

196 1188 398 1271 imperarent,
420 1187 591 1250 indomitas
614 1206 740 1282 quoque
763 1184 953 1248 efficaciter⁰
967 1197 1240 1251 mansuescerent.
1270 1185 1301 1250 Id

195 1271 291 1334 etiam
313 1269 533 1351 meditabatur,
554 1280 590 1333 ut
611 1270 644 1330 in
666 1268 799 1332 diversis
821 1269 928 1353 regnis
949 1269 1045 1354 positi
1065 1271 1192 1354 regiam
1217 1269 1301 1334 domi-

197 1355 357 1419 nationem
381 1363 574 1435 exercerent,
596 1374 637 1416 ne
658 1354 752 1415 unius
774 1353 866 1438 regni
886 1353 1035 1438 angustia
1049 1353 1188 1417 duorum
1203 1375 1301 1439 regum

198 1438 356 1502 maiestati
376 1437 511 1500 nimium
532 1437 711 1519 derogaret.

199 1558 249 1622 92.
292 1557 375 1621 Item
396 1559 554 1642 promotio
576 1555 733 1619 Ludovici
756 1555 944 1653 inregnum
966 1553 1162 1641 Aquitaniae
1184 1557 1302 1642 eiusque

679 1650 835 1703 uxoratio.

139 1749 189 1791 ⁹82·
282 1742 371 1805 Dum
400 1740 479 1805 haec
507 1739 606 1805 multo
629 1751 746 1805 conatu
775 1741 967 1826 disponeret,
989 1739 1043 1802 alii
1067 1740 1202 1839 quidam
1222 1741 1304 1804 nimis

200 1823 306 1887 callidi
327 1825 387 1888 hoc
411 1834 582 1909 comperto,
616 1847 688 1888 cum
710 1824 893 1888 huiusmodi
913 1823 1048 1908 gloriam
1070 1847 1104 1887 m
1127 1847 1197 1889 sese
1219 1834 1304 1888 trans

200 1907 332 1972 fundere
353 1906 478 1989 vellent,
507 1907 657 1971 Emmam
683 1910 827 1993 reginam
854 1907 1017 1989 adeuntes
1046 1931 1145 1993 super
1176 1909 1305 1972 maxima

198 2014 234 2056 re
256 2014 289 2055 se
312 1990 510 2056 consulturos
533 1991 690 2056 dixerunt.
735 1993 799 2071 Qui
829 1993 967 2076 suscepti
993 2013 1013 2055 a
1041 1992 1164 2076 regina,
1194 1993 1230 2056 id
1254 1991 1305 2056 sibi

199 2075 301 2139 videri
324 2076 480 2160 optimum
505 2075 664 2158 dixerunt,
693 2076 857 2140 Ludovico
885 2099 919 2140 re
944 2076 955 2137 i
983 2076 1223 2140 assciscendam
1244 2099 1305 2140 con-

198 2161 306 2244 iugem
328 2157 525 2242 Adelaidem,
554 2159 756 2244 Ragemundi
783 2181 884 2245 nuper
913 2098 1053 2223 defimcti
1082 2158 1176 2223 ducis
1200 2159 1305 2224 Gotho-

199 2266 270 2306 rum
293 2242 368 2307 olim
389 2266 532 2308 uxorem.
569 2243 613 2306 Et
634 2265 698 2306 non
720 2265 771 2305 ma
797 2245 822 2307 's
838 2244 1012 2329 potentiam
1027 2243 1187 2326 regnandi
1202 2267 1242 2309 ex
1255 2243 1305 2306 hoc

199 2349 293 2413 posse
314 2327 433 2411 augeri,
457 2349 553 2473 (pinam
576 2324 638 2390 sibi
659 2349 766 2390 nonnu
791 2327 999 2390 acommoda
1025 2326 1165 2412 adquiri.
1210 2328 1306 2391 Enim·

197 2433 273 2474 vero
295 2411 445 2497 possibile
490 2413 546 2493 eri,
567 2421 667 2475 totam
688 2411 894 2496 Aquitaniam
916 2408 1073 2494 simulque
1095 2421 1128 2475 et
1144 2409 1307 2476 (iothiaml

199 2515 255 2558 suo
277 2495 410 2580 imperio
432 2496 582 2580 asstringi
627 2515 707 2576 osse,
728 2504 898 2580 postquam
919 2516 961 2557 ex
981 2494 1050 2557 iure
1071 2493 1189 2559 ductae
1210 2495 1307 2558 uxoris

200 2576 320 2661 oppida
340 2579 553 2642 munitissima
573 2517 623 2642 ad
637 2601 730 2641 suum
751 2579 800 2640 ius
815 2585 1018 2664 retorqueret.
1051 2577 1107 2640 Ma
1154 2601 1210 2641 um
1225 2580 1308 2644 etiam

200 2659 352 2744 quiddam
377 2662 412 2723 in
437 2661 498 2725 hac
519 2685 553 2727 re
576 2672 608 2726 et
628 2660 704 2726 utile
727 2662 915 2747 comparari,
943 2662 979 2742 si,
1024 2670 1092 2726 atre
1107 2600 1192 2726 {linc
1214 2663 1307 2748 posito

200 2753 232 2807 et
252 2741 339 2806 illino
368 2743 443 2824 filio,
472 2744 540 2807 dux
569 2746 664 2809 ceteri
689 2769 729 2809 ue
755 2744 861 2809 hostes
883 2745 918 2806 in
938 2683 1044 2808 medlo
1072 2744 1227 2828 conclusi,
1248 2767 1308 2831 per·

200 2834 296 2910 petuo
318 2835 501 2910 urgeantur.
545 2827 624 2915 (93.)
657 2768 761 2892 lluius
788 2829 919 2892 rationis
948 2826 1118 2892 consilium
1145 2841 1223 2914 post
1244 2850 1307 2893 uam

200 2909 270 3055 regi
291 2918 476 2994 suggestum
507 2920 563 2991 est,
592 2913 678 2996 apud
705 2911 899 2976 Gozfredum
927 2912 1086 2994 comitem,
1116 2914 1173 2998 qui
1199 2852 1309 2994 aderat,

202 2993 382 3056 orinatum
404 2992 513 3058 valuit.
557 2995 648 3059 Haec
677 2996 758 3059 duce
780 2997 948 3080 ignorante
975 2995 1184 3080 parabantur.
1228 2999 1309 3078 Quae

202 3097 276 3139 cum
296 3087 370 3160 post
390 3077 676 3160 animadvertisset,
698 3102 737 3142 ne
759 3077 888 3164 regibus
909 3081 978 3142 fieri
992 3078 1158 3144 videretur
1174 3082 1309 3161 iniurius,

201 3159 425 3224 contumeliam
448 3160 660 3243 dissimulans,
682 3161 759 3224 nihil
780 3163 906 3247 penitus
927 3162 1122 3247 refragratus
1144 3175 1205 3229 est.
1236 3166 1309 3229 Inte-

199 3265 255 3308 rea
276 3243 415 3310 collectis
442 3248 533 3331 regni
563 3245 778 3332 principibus,
810 3248 968 3310 euitatus
993 3247 1101 3332 regius
1127 3247 1309 3334 disponitur,

198 3328 337 3413 insignia
357 3330 447 3414 regia
467 3329 674 3410 invehuntur3
703 3328 767 3393 cibi
787 3269 976 3416 milltiplices
991 3331 1140 3416 apparati
1164 3331 1311 3398 vehiculis

198 3412 415 3498 imponuntur.
452 3414 577 3494 Quibus
598 3413 687 3495 actis,
709 3435 801 3498 reges
823 3416 948 3499 utrique
964 3436 1037 3477 cum
1053 3413 1155 3480 multo
1175 3439 1194 3480 e
1218 3417 1310 3481 uitutu

199 3496 233 3560 in
253 3498 461 3583 Aquitaniam
483 3498 618 3583 profecti
633 3507 706 3562 sunt
728 3507 931 3584 castrumque
952 3497 1108 3562 Briddam
1124 3439 1218 3585 quod
1228 3509 1312 3566 vetus

200 3579 335 3645 dicitur²
358 3580 562 3646 devenerunt.

259 3760 281 3812 a)
299 3773 316 3800 s.
337 3773 379 3811 per
399 3763 477 3802 omnia
494 3763 513 3802 1.
594 3760 619 3814 b)
635 3762 787 3812 suppliciam
802 3773 819 3804 e.
903 3759 924 3812 c)
942 3760 1063 3801 efficatiter
1080 3772 1097 3804 c.
1185 3762 1210 3816 d)
1227 3764 1313 3806 oon-n

199 3828 255 3858 corr.
288 3819 402 3860 Gothiam.

276 3947 302 4012 1)
323 3950 398 4012 Quae
424 3967 484 3999 cum
510 3951 563 3998 iam
590 3965 614 4000 a.
635 3951 697 4002 979.
717 3950 889 4012 accidissent,
915 3950 979 4001 ordo
1006 3966 1094 4002 rerum
1121 3967 1138 4002 a
1164 3957 1257 4006 nostro
1277 3954 1314 4002 in·

199 4036 291 4072 versus
318 4038 376 4074 esse
395 4023 513 4086 videtum
539 4023 592 4072 nisi
617 4038 686 4073 anno
712 4021 774 4074 981.
801 4025 916 4088 Hugone
940 4025 1105 4074 assentiente
1131 4025 1247 4078 fortasse
1272 4040 1313 4076 rex

201 4093 370 4146 confirmatus
387 4097 429 4149 sit.
456 4095 596 4160 Singularo
616 4095 731 4160 quidem,
750 4098 779 4145 in
799 4098 896 4148 chartis
916 4096 1036 4147 Lotharii
1055 4096 1163 4150 duabus
1178 4099 1205 4150 d.
1218 4099 1312 4151 Iuliis.

200 4167 264 4215 anni
282 4166 346 4231 981,
363 4169 450 4233 iisque
469 4168 541 4231 solis,
560 4168 699 4218 formulam
719 4168 786 4233 legi:
806 4169 907 4219 Dotem
928 4197 960 4206 -
974 4170 1032 4235 filio
1053 4186 1116 4221 nero
1136 4170 1196 4223 eius
1210 4170 1316 4224 domiuo

199 4237 334 4290 Ludoot'oo
353 4241 514 4292 adolescente
533 4241 633 4306 egregio
652 4248 778 4308 regnante
798 4259 868 4293 anuo
887 4242 974 4295 tercio.
994 4244 1024 4294 Ρ.
1092 4241 1123 4310 2)
1143 4246 1264 4298 Brioude
1282 4243 1314 4295 ad

200 4311 308 4364 fluvium
327 4313 421 4366 Allier.
