2820 4824
337 371 491 423 RIcHuRI
509 373 760 424 HISTORIARUM
779 374 890 426 LIBER
909 376 976 429 1111.
1162 377 1213 427 157

101 537 203 602 renda
224 536 302 600 nihil
323 549 507 620 metuentes,
530 560 604 602 cum
625 563 662 603 ae
687 563 727 605 ue
748 541 867 605 iustum
889 543 937 625 sit,
959 554 991 608 et
1011 566 1101 608 reum
1118 547 1271 610 maie-⁹⁹1·
1340 611 1342 615 ¹

99 623 193 687 statis
214 623 359 686 damnari
380 632 411 687 et
431 625 652 687 innocentem³
665 563 792 688 (laxari.
1222 612 1266 650 1¹¹¹¹
1292 609 1326 651 1⁷·

98 743 152 807 59.
196 741 433 807 Demonstratio
461 742 628 824 Ratbodib,
657 744 743 829 quod
768 744 930 808 libellumb
961 746 1120 812 fidelitatis
1147 751 1212 836 epi·

216 826 326 910 scopib
348 826 624 890 Lothariensiumb
646 831 835 912 perperamb
858 828 1095 895 calumnientur.

185 927 350 992 Ratbodus
365 928 584 994 Noviomensis
607 932 775 1014 episcopus
791 929 887 994 dixit:
910 930 955 994 ‘Si
970 930 1083 1016 placet,
1105 942 1212 1018 patres
1223 945 1295 990 cers,
1313 958 1332 989 e.
1350 946 1371 992 ἵ.

100 1011 277 1092 reverendi,
298 1009 440 1075 libellum
467 1012 636 1095 fidelitatis,
666 1012 706 1076 ab
728 1012 862 1076 Arnulfo
892 1015 1051 1111 quondam
1081 1018 1212 1102 regibus

98 1093 142 1158 de
163 1093 312 1159 habenda
332 1093 395 1158 fide
416 1107 609 1180 porrectum,
631 1095 754 1159 avobis
776 1118 860 1159 nunc
875 1096 1108 1161 discutiendum
1122 1111 1211 1185 puto.

100 1177 238 1242 Videtur
259 1180 353 1260 enim,
380 1179 466 1263 quod
487 1179 571 1243 solus
592 1181 627 1243 in
655 1182 722 1244 eius
749 1180 973 1265 dampnatione
999 1182 1145 1264 sufficiat,
1173 1206 1210 1248 eo

98 1261 190 1347 quod
211 1261 308 1326 fidem
329 1263 530 1327 iureiurando
559 1265 749 1349 promissam
778 1273 809 1327 et
837 1286 948 1328 manus
970 1265 1087 1351 scripto
1117 1267 1210 1331 robo-

99 1355 203 1409 ratam
218 1345 404 1431 sacrilegioc
418 1347 568 1432 periuriic
582 1349 709 1432 penitus
720 1346 895 1413 violaverit.
919 1347 983 1412 Sed
994 1361 1041 1413 est
1056 1349 1210 1434 quiddam

94 1429 187 1576 puod
208 1430 375 1511 remordet,
405 1429 491 1515 quod
513 1429 632 1496 scilicet
652 1452 672 1493 a
692 1429 946 1495 Lothariensium
974 1433 1146 1518 episcopis,
1174 1443 1211 1498 ut

111 1523 207 1594 ertur,
235 1525 343 1578 contra
371 1512 459 1576 illum
486 1515 672 1599 disputatur.
717 1513 957 1578 Calumniantur
978 1516 1071 1597 enim,
1101 1528 1211 1582 contra

99 1597 188 1681 leges
203 1597 329 1660 divinas
344 1599 506 1683 scriptum,
520 1597 646 1680 lectum,
660 1597 868 1662 reconditum.
891 1598 985 1663 Unde
1000 1608 1039 1681 et,
1055 1600 1082 1663 si
1096 1599 1208 1684 placet,

99 1683 166 1745 iam
189 1685 228 1744 *a
248 1681 340 1744 vobis
361 1681 577 1746 discutiendus
598 1683 632 1745 in
652 1682 815 1746 mediumd
836 1682 1030 1768 proferatur’.
1073 1683 1325 1749 Sinodus‘f01.so.

97 1767 198 1830 dixit:
223 1765 431 1830 ‘Proferatur'.

301 1886 351 1949 60.
394 1885 516 1950 Textus
537 1883 655 1950 libellie
675 1885 855 1950 fidelitatis0
877 1886 1011 1950 Amulfi.

184 1985 330 2050 Prolatus
359 1995 407 2051 est
426 1988 544 2073 itaque,
565 1986 647 2051 hanc
668 1996 774 2051 textus
799 1989 913 2052 seriem
940 1987 1094 2052 habens¹:
1127 1989 1209 2075 ‘Ego
1221 2007 1240 2037 ⁰·
1258 1996 1279 2037 θ’

100 2069 254 2134 Arnulfus
282 2072 384 2155 gratia
409 2071 474 2135 Dei
505 2072 707 2156 preveniente
739 2071 911 2135 Remorum
942 2071 1136 2158 archiepisco
1161 2097 1209 2154 us,

100 2155 253 2240 promitto
279 2154 409 2238 regibus
437 2155 634 2218 ancorum
656 2154 787 2239 Hugoni
809 2165 841 2219 et
860 2155 1021 2237 Rotbert0,
1043 2177 1094 2219 me
1115 2095 1210 2219 fidem

99 2239 306 2324 purissimam
328 2246 534 2320 servaturum,
558 2237 723 2301 consilium
745 2249 776 2302 et
797 2238 951 2301 auxilium
973 2239 1018 2302 eis
1037 2240 1210 2303 secundum

99 2344 210 2386 meum
231 2323 311 2386 scire
333 2330 364 2385 et
384 2343 478 2407 posse
499 2323 533 2384 in
554 2321 699 2385 omnibus
720 2323 856 2407 negotiis
876 2322 1085 2407 prebiturum3
1108 2323 1210 2386 inimi-

99 2405 166 2469 cisf
185 2427 296 2470 eorum
319 2427 379 2470 nec
401 2404 530 2469 consilio
559 2427 618 2469 nec
643 2404 762 2469 auxilio
784 2405 827 2469 ad
853 2428 962 2470 eorum
991 2404 1210 2470 infidelitatem

98 2490 239 2552 scienter
259 2488 451 2556 adiuturum.
501 2488 592 2552 Haec
617 2489 651 2550 in
678 2500 850 2574 conspectu
879 2488 1005 2553 divinae
1035 2491 1208 2554 maiestatis

101 2584 135 2637 et
155 2572 321 2636 beatorum
343 2574 510 2659 spirituum
532 2582 563 2637 et
583 2573 680 2637 totius
699 2571 871 2636 aecclesiae
885 2573 1034 2636 assistens
1049 2575 1208 2658 promitto,

100 2675 162 2741 pro
184 2654 264 2720 bene
286 2658 416 2722 servatis
441 2655 561 2720 laturus
588 2657 712 2742 premia
737 2665 882 2722 aeternae
909 2655 1122 2722 beatitudinis.
1174 2657 1210 2723 Si

97 2761 209 2821 vem,
229 2741 314 2825 quod
340 2740 412 2804 nolo
440 2751 471 2805 et
500 2739 583 2825 quod
613 2740 709 2822 absit,
742 2738 783 2804 ab
812 2739 861 2803 his
888 2739 1073 2822 deviavero,
1106 2743 1209 2805 omnis

98 2822 279 2888 benedictio
307 2847 379 2889 mea
404 2833 605 2889 convertatur
625 2825 659 2886 in
679 2822 949 2904 maledictionem,
980 2834 1011 2889 et
1036 2825 1114 2889 fiant
1142 2824 1209 2890 dies

97 2909 164 2972 mei
184 2909 295 2993 pauci,
326 2917 358 2972 et
378 2909 596 2993 episcopatum
625 2929 731 2971 meum
757 2909 892 3006 accipiat
918 2909 1005 2973 alter.
1048 2908 1211 2974 Recedant

98 3014 120 3054 a
141 3013 193 3054 me
215 2993 311 3055 amici
332 2992 395 3055 mei
416 2993 540 3077 sintque
562 3001 716 3076 perpetuo
745 2992 876 3055 inimrci.
925 2992 1012 3055 Huic
1038 3014 1098 3077 ego
1127 2994 1207 3056 ciro·

121 3073 224 3160 rapho
247 3098 266 3138 a
287 3097 338 3139 me
368 3075 453 3139 edito
478 3077 512 3137 in
538 3075 752 3138 testimonium
779 3073 1008 3138 benedictionis
1034 3075 1086 3140 vel
1114 3075 1208 3141 male-

123 3159 248 3223 ‘ctionis
280 3181 369 3223 meae
398 3158 563 3223 subscribo
590 3157 701 3221 fratres
725 3179 764 3221 ue
791 3166 822 3221 et
847 3156 929 3220 filios
955 3180 1044 3221 meos
1072 3169 1108 3222 ut
1136 3159 1209 3222 sub·

96 3243 240 3307 scribant
261 3264 349 3326 rogo,
391 3242 462 3326 Ego
483 3240 635 3306 Amulfus
656 3262 710 3305 arc
735 3241 913 3326 'episcopus
934 3242 1127 3326 subscripsi’.

140 3363 191 3427 61.
241 3361 393 3426 Arnulfus
423 3361 583 3427 libellum&
609 3383 650 3426 ex
677 3371 767 3447 parte
793 3361 930 3446 probat&
956 3369 988 3424 et
1014 3383 1056 3425 ex
1082 3369 1172 3446 parte

557 3447 716 3530 vituperat
726 3456 748 3509 ἓ.

185 3547 258 3627 Quo
278 3548 420 3628 recitate,
442 3570 462 3611 a
483 3547 594 3612 sinodo
617 3549 852 3633 investigatum,
878 3567 920 3608 an
948 3544 1079 3609 alicuius
1100 3567 1206 3630 repre·
1219 3570 1238 3599 e·
1255 3559 1276 3602 ⁹·

94 3631 260 3695 hensionis
282 3641 337 3695 aut
358 3631 548 3696 defensionis
569 3633 634 3696 vim
659 3630 776 3696 habere
801 3629 955 3694 videatur.
998 3629 1089 3693 Tunc
1114 3652 1207 3695 vene·

95 3713 208 3780 rabilis
230 3716 400 3800 episcopus
421 3714 581 3797 Amulius,
604 3736 640 3780 eo
664 3713 749 3800 quod
771 3713 908 3777 officium
929 3712 1156 3799 interpretandi
1177 3715 1208 3778 ei

97 3800 308 3863 commissum
329 3810 411 3864 erat:
440 3799 492 3863 ‘Et
512 3821 570 3885 pro
593 3797 644 3880 sc',
666 3799 777 3884 inquit,
808 3804 859 3861 ‘ex
902 3808 968 3863 arte
990 3797 1203 3862 defensionem

96 3883 240 3947 continet
283 3893 314 3948 et
354 3884 438 3947 vires
470 3905 512 3946 ex
543 3892 632 3969 parte
663 3819 943 3967 reprehensoribus
975 3881 1205 3947 accommodat.

158 4044 181 4097 a)
198 4048 361 4086 innoxcentem
382 4045 448 4085 deleto
462 4057 485 4085 x.
574 4044 597 4096 b)
617 4045 699 4096 Ratbo,
719 4045 773 4088 bell.
795 4045 898 4094 episcopi
917 4045 943 4096 L,
965 4056 1086 4096 perperam
1103 4044 1129 4097 (rt
1149 4045 1205 4087 abac.

93 4103 251 4204 glggogdffl'
311 4104 333 4155 d)
351 4105 426 4144 medio
444 4106 463 4144 1.
528 4102 549 4155 e)
566 4105 606 4144 elli
621 4104 665 4143 fide
680 4105 736 4145 abac.
802 4104 865 4154 otta
880 4115 897 4145 c.
966 4103 989 4155 g)
1006 4105 1098 4151 bellum,
1115 4105 1206 4155 probat,

438 4208 451 4236 a

175 4258 203 4324 1)
227 4260 304 4311 Haec
329 4259 443 4310 fideliter
469 4259 600 4324 exscripto
624 4262 685 4308 sunt
709 4272 741 4308 ex
765 4257 893 4309 Gerberto
919 4273 941 4308 c.
962 4257 988 4307 8.
1081 4255 1109 4319 2)
1129 4257 1206 4306 Haec

92 4333 230 4383 Richerns
250 4349 282 4383 ex
300 4332 401 4384 Amulii
420 4332 539 4384 oratione
559 4331 659 4382 sumsit.
1024 4358 1027 4365 ·
