2820 4824
206 363 258 415 108
467 363 620 416 RIOHERI
638 362 892 416 HISTORIARUM
909 362 1022 414 LIBER
1040 363 1095 414 111.

144 549 197 592 aro.
430 531 479 595 62.
524 529 636 610 Quael
660 531 701 594 sit
722 551 820 594 causa
841 529 960 594 conditi
981 529 1104 594 mundi.

291 632 452 713 Quicum
473 652 494 695 a
516 632 687 712 Gerberto,
715 640 751 695 ut
777 633 918 717 apertius
948 631 1026 717 quid
1052 629 1150 696 vellet
1176 631 1308 714 ediceret,
1351 629 1353 633 ’

206 725 381 800 rogaretur,
403 725 509 779 utrum
531 714 681 780 videlicet
710 737 841 778 causam
863 737 927 801 qua
948 717 1078 780 inventa
1100 725 1159 796 est,
1188 736 1230 779 an
1250 737 1308 779 cau·

206 821 276 864 sam
298 801 351 863 cui
371 801 500 864 inventa
522 798 663 880 debetur,
690 797 743 862 ille
764 820 857 862 mox:
887 799 911 861 ‘l
939 801 1025 880 sam’,
1047 800 1162 884 inquit,
1184 805 1308 863 ‘causan

207 883 289 964 dico,
310 893 441 982 propter
463 903 559 968 quam
581 884 711 947 inventa
731 882 876 947 videtum
947 904 1010 945 unc
1031 904 1108 946 vero
1133 882 1308 947 Gerbertus:

207 967 398 1049 ‘Quomam',
419 967 531 1053 inquit,
560 972 655 1029 ‘nuno
674 975 763 1051 patet
784 965 861 1051 quid
882 988 1053 1052 proponas,
1076 965 1161 1047 ideo,
1183 967 1307 1052 inquam,

206 1053 336 1115 inventa
362 1059 425 1131 est,
454 1061 491 1115 ut
512 1073 554 1114 ex
576 1072 614 1114 ea
636 1070 866 1132 cognoscamus
895 1050 1004 1114 divina
1025 1058 1057 1113 et
1076 1049 1238 1113 humana'.
1275 1049 1308 1113 Et

208 1134 354 1199 Otricus:
377 1133 471 1217 (Ου’,
492 1135 607 1219 inquit,
628 1133 732 1197 ‘unius
746 1135 793 1197 rei
808 1155 938 1196 causam
952 1142 1000 1197 tot
1014 1132 1211 1198 dictionibus
1225 1135 1308 1196 nomi·

206 1220 290 1282 nasti
297 1267 307 1300 ,
328 1240 402 1281 cum
423 1240 464 1282 ex
478 1240 542 1282 una
556 1217 699 1281 fortassis
713 1218 871 1280 nominari
884 1218 998 1302 potuit,
1014 1226 1046 1281 et
1058 1215 1307 1303 philosophorum

206 1303 247 1366 sit
267 1300 417 1366 brevitati
438 1298 587 1365 studere?
822 1323 825 1327 ¹

206 1415 257 1483 63.
302 1413 399 1494 Quod
419 1434 484 1476 non
507 1414 613 1476 omnia
633 1413 762 1558 mulina
784 1432 952 1475 causarum
973 1409 1107 1496 singulis
1131 1409 1308 1476 dictionibus

673 1519 690 1560 e
715 1505 854 1560 eruntur.

292 1597 467 1663 Gerbertus
496 1619 639 1683 quoque:
669 1597 752 1661 ‘Non
780 1599 914 1680 omnes',
942 1597 1062 1682 inquit,
1095 1603 1226 1662 ‘causae
1259 1581 1309 1661 uno

206 1681 314 1746 valent
334 1682 463 1745 nomine
483 1681 628 1766 proferri.
670 1680 799 1745 Etenim
821 1703 894 1745 oum
915 1679 1081 1745 aPlatone
1103 1701 1206 1746 causa
1227 1680 1310 1746 creati

206 1765 319 1828 mundi
345 1786 410 1828 non
436 1785 500 1827 una
527 1763 584 1828 sed
611 1764 712 1829 tribus
742 1763 934 1830 dictionibus
969 1763 1054 1828 bona
1085 1763 1152 1830 Dei
1176 1764 1309 1829 voluntas

208 1846 368 1912 declarata
389 1849 438 1929 sit,
468 1856 601 1926 constat,
631 1848 713 1911 hanc
736 1849 834 1912 creati
854 1847 967 1911 mundi
994 1869 1125 1911 causam
1146 1871 1214 1912 non
1234 1847 1310 1913 aliter

207 1932 350 2016 potuisse
371 1931 517 2016 proferri.
560 1931 642 1994 Nam
667 1933 694 1995 si
716 1932 858 2014 dixisset,
880 1930 1076 1995 voluntatem
1099 1954 1233 1996 causam
1254 1953 1310 1997 esse

207 2014 329 2098 mundi,
349 2036 414 2078 non
435 2015 488 2079 ida
518 2025 601 2082 esset
630 2037 843 2102 consequens3
875 2013 1035 2100 quaelibet
1061 2017 1148 2079 enim
1176 2014 1309 2080 voluntas

205 2098 239 2163 id
263 2121 333 2164 esse
354 2099 524 2182 videretur,
574 2099 640 2163 uod
668 2121 732 2164 non
753 2098 915 2184 procedit’.
957 2097 1065 2197 Atque
1094 2099 1149 2162 hic
1178 2100 1309 2165 Otsicus:

207 2183 271 2266 ‘Si’,
294 2184 406 2270 inquit,
437 2183 510 2248 ‘Dei
531 2123 728 2248 vduntatem
751 2203 879 2246 oausam
902 2182 1022 2246 conditi
1042 2183 1156 2246 mundi
1178 2183 1308 2264 dixisset,

205 2267 334 2333 brevius
357 2267 486 2352 quidem
509 2277 541 2332 ct
562 2267 755 2332 sufficienter
781 2266 903 2330 dictum
931 2265 1021 2347 foret,
1050 2287 1125 2329 oum
1146 2288 1310 2352 numquam

205 2353 267 2416 nisi
293 2350 379 2416 bona
411 2350 506 2415 fuerit
531 2351 596 2416 Dei
623 2349 780 2416 voluntas.
823 2349 896 2412 Non
925 2351 1008 2414 enim
1031 2359 1078 2413 est
1106 2351 1164 2434 qui
1192 2348 1308 2430 abnuat

205 2435 325 2500 bonam
346 2457 416 2499 esse
436 2435 500 2500 Dei
519 2434 733 2500 voluntatem’.
769 2433 813 2497 Et
828 2431 1020 2497 Gerbertus:
1043 2435 1091 2497 ‘ln
1105 2432 1188 2516 hoc’,
1211 2436 1264 2520 inq
1284 2435 1309 2514 t,

207 2520 344 2604 ‘penitus
376 2540 441 2582 non
473 2519 666 2583 contradico
722 2516 787 2582 Sed
818 2517 907 2599 vide,
948 2518 1024 2663 quia
1056 2527 1183 2582 constat
1214 2519 1309 2582 Deum

205 2602 404 2666 substantial
430 2600 630 2666 solummodo
661 2603 796 2681 bonum,
831 2599 949 2686 quamli
973 2610 1005 2664 et
1034 2623 1110 2664 vero
1144 2611 1309 2666 creaturam

229 2685 449 2768 artioipatione
471 2683 598 2764 bonam,
626 2684 668 2748 ad
690 2687 758 2749 eius
779 2694 912 2748 naturae
935 2682 1121 2769 qua-litatem
1144 2687 1309 2770 exprimen-

205 2707 281 2830 dam
302 2766 404 2830 ‘bona'
426 2766 570 2854 additum
585 2777 641 2848 est,
663 2767 749 2852 quod
763 2767 797 2831 id
812 2770 880 2832 eius
894 2768 1059 2852 proprium
1076 2769 1126 2849 sit,
1146 2790 1212 2832 non
1226 2769 1308 2833 etiam

92 2871 152 2916 ’rou
160 2875 196 2914 aa
207 2847 379 2913 cuiuslibet
407 2860 579 2914 creaturae.
623 2851 785 2915 *Tandem
794 2864 815 2934 ⁰,
844 2850 997 2938 quioquid
1022 2849 1102 2915 illud
1125 2853 1175 2932 sit,
1198 2853 1233 2916 id
1253 2852 1308 2916 sine

206 2930 306 3078 qiubio
328 2942 459 3045 constat,
481 2955 547 2997 non
569 2936 675 2998 omnia
690 2955 856 3000 causarum
870 2935 1001 2999 nomina
1015 2956 1079 2998 una
1094 2935 1235 3001 dictione
1248 2956 1308 3022 pro

221 3038 283 3080 errr
303 3037 417 3101 posse.

452 3138 502 3202 64.
548 3137 660 3219 Quael
682 3139 743 3203 sitl
765 3140 884 3203 carisa‘l
904 3139 1065 3204 umbrael.

290 3238 392 3321 ‘Quae
415 3241 500 3305 enim
522 3239 580 3305 tibi
601 3240 734 3306 umbrae
756 3262 854 3305 causa
874 3240 1022 3304 videtur?
1064 3239 1117 3304 An
1147 3239 1228 3306 haec
1255 3260 1309 3304 una

87 3329 126 3387 'a
142 3322 344 3390 sudatione
364 3323 501 3389 indicari
522 3325 629 3390 valet?
665 3325 748 3390 *Sed
771 3324 852 3406 dico,
875 3322 1007 3389 umbrae
1020 3345 1151 3388 causam
1167 3346 1237 3389 esse
1253 3345 1309 3387 cor·

203 3429 265 3492 pus
290 3407 355 3472 luci
386 3408 556 3474 obiectum.
607 3411 715 3495 Atque
746 3409 826 3472 haec
856 3408 986 3473 brevius
1018 3406 1104 3471 nullo
1132 3407 1231 3474 modo
1257 3405 1309 3471 dici

202 3489 298 3573 valet.
343 3493 379 3557 Si
400 3495 485 3557 enim
507 3514 624 3579 corpus
650 3491 784 3556 umbrae
810 3513 940 3555 causam
962 3491 1093 3574 dixeris,
1113 3493 1212 3555 nimis
1235 3513 1309 3556 com·

202 3596 298 3641 mune
319 3575 489 3662 protulisti.
526 3576 621 3656 Quod
644 3577 672 3639 si
693 3597 811 3662 corpus
833 3575 993 3640 obiectum
1014 3574 1165 3653 volueris,
1185 3575 1222 3639 id
1243 3595 1310 3661 quo

204 3678 266 3805 que
287 3669 410 3723 tantum
432 3681 497 3723 non
518 3660 671 3745 procedit,
717 3670 848 3724 uantum
869 3657 910 3722 ab
932 3657 993 3721 hac
1014 3668 1105 3743 parte
1119 3657 1311 3744 relinquitur.

229 3751 287 3804 unt
315 3743 400 3804 enim
430 3763 564 3827 corpora
592 3683 744 3808 nonnulla
772 3753 869 3829 atque
897 3744 994 3806 etiam
1022 3742 1159 3806 diversis
1182 3741 1310 3822 obiecta,

205 3843 288 3908 quae
315 3824 447 3889 umbrae
475 3847 573 3890 causa
602 3849 671 3892 csse
697 3849 762 3892 non
788 3835 931 3912 possunt.
974 3825 1043 3889 Neo
1064 3825 1183 3901 abnuo,
1206 3824 1310 3889 mula

202 3928 275 3968 rum
304 3928 410 3971 rerum
440 3930 552 3973 causas
581 3909 712 3995 singulis
739 3911 933 3975 dictionibus
962 3909 1080 3991 efferri,
1117 3909 1220 3975 veluti
1246 3915 1311 3974 sunt

203 4011 322 4074 genera
344 4011 426 4076 quae
448 3994 625 4078 specierum
648 4015 761 4058 causas
783 4015 877 4059 nemo
899 3994 1034 4079 ignorat,
1061 3990 1150 4058 velut
1175 4002 1225 4059 est
1245 3991 1309 4057 sub

261 4148 284 4202 a)
296 4156 348 4202 port
364 4153 413 4194 add.
488 4153 512 4207 b)
528 4156 712 4197 substantialiter
727 4157 748 4198 1.
832 4153 853 4208 c)
866 4156 937 4206 paruit
951 4156 976 4194 ia
991 4155 1079 4194 dimidio
1089 4155 1149 4204 solio
1161 4161 1214 4206 pou
1229 4157 1309 4207 adim,

201 4210 263 4260 eujus
274 4212 349 4260 prima
364 4217 448 4252 tantum
459 4215 544 4264 partina
560 4215 689 4265 scripturam
704 4216 790 4267 recapit.
851 4212 875 4266 d)
891 4223 944 4266 uae,
960 4214 998 4264 sit,
1013 4223 1034 4264 a,
1051 4213 1118 4253 umbr
1134 4215 1192 4255 abac.

275 4322 301 4393 1)
321 4326 399 4379 Haec
417 4329 451 4380 iis
469 4329 557 4396 potius
577 4329 737 4380 conveniunt
756 4342 825 4395 quae
845 4344 868 4380 c.
889 4328 932 4379 63.
951 4327 1109 4378 referuntur.
