2820 4824
323 395 478 446 RIOHERI
498 393 751 447 HISTORIARUM
770 393 882 444 LIBER
902 395 922 445 I.
1153 395 1188 443 19

89 587 165 628 uam
191 561 435 627 malivoloruma
463 561 584 625 invidia
612 561 753 625 animum
782 561 948 640 remisisti,
976 561 1244 628 circumcircaero.

67 589 267 713 d'sccrdiacl
289 647 360 711 visl’
382 669 402 708 a
422 644 562 711 latibulis
578 647 714 714 emersit.
752 646 844 725 Quae
864 667 915 709 res
931 644 1061 709 domino
1076 654 1183 710 nostro

67 733 136 818 regi
170 729 277 815 apudb
305 731 355 795 tel
386 740 511 794 oratum
545 730 592 793 ire
628 731 727 793 suasit
735 741 756 793 ⁰.
806 727 952 794 Antehac
985 730 1092 794 enimb
1118 752 1183 794 non

66 815 268 881 mediocriter
283 813 324 878 ob
339 815 416 876 tuad
438 814 553 878 merita
568 811 792 878 dilectissimus
808 813 905 877 fuisti.
944 813 1031 877 *Tua
1053 815 1183 898 egregia
1194 832 1250 879 ‘rot
1265 837 1294 876 c.

66 900 144 964 fides
168 900 196 963 ei
216 899 392 983 recognita,
413 898 447 959 in
468 897 593 981 magnis
616 896 764 982 periculis
787 895 920 960 multam
947 897 1008 961 sibi
1039 896 1185 962 fidutiam

66 993 167 1069 parat.
212 980 295 1046 Cum
317 984 414 1045 totius
437 989 522 1044 statu
544 979 707 1064 dignitatis
729 981 807 1044 rexl’
829 981 998 1077 potiretur,
1020 980 1185 1065 paululum

66 1078 134 1132 ate
157 1065 347 1131 oberrasse⁰
370 1086 439 1128 sese
461 1084 525 1127 non
546 1064 682 1146 ignorat.
727 1061 862 1128 Sedf1d
883 1063 983 1127 multa
1005 1064 1067 1128 fide
1090 1066 1185 1128 corri-

66 1163 163 1236 gere&
184 1150 290 1235 gestit.
334 1147 403 1212 Nec
425 1157 474 1211 est
495 1145 556 1210 hoc
577 1147 762 1211 inusitatum
785 1154 816 1209 et
838 1145 996 1230 singulare
1004 1150 1028 1210 *.
1076 1147 1185 1212 Omni-

66 1257 122 1298 um
151 1244 200 1298 est
228 1232 389 1296 interdum
418 1229 573 1315 desipere,
605 1229 762 1295 bonorum
784 1251 860 1294 vero
875 1231 1051 1294 rationibus
1072 1230 1185 1296 redire.

68 1316 293 1383 sufferendum
315 1323 364 1379 est
389 1315 496 1400 itaque
524 1322 619 1400 atque
641 1335 766 1378 summa
794 1313 991 1400 benignitate
1019 1313 1185 1398 indulgen-

67 1403 154 1465 dum.
198 1400 271 1462 Tuh
315 1420 429 1484 uoque,
452 1397 686 1463 Germanorum
695 1400 723 1429 **
746 1399 874 1484 optime,
901 1399 1036 1461 nimium
1058 1420 1077 1461 a
1097 1408 1185 1462 recto

68 1485 238 1549 secessisse
259 1421 387 1547 videris.
423 1482 534 1568 Neque
555 1481 589 1546 id
609 1483 735 1547 mirum.
777 1483 861 1546 Nam
881 1481 949 1546 dux
963 1482 1185 1547 Rotbertus***

68 1570 176 1632 omnia
192 1568 300 1632 sitiens
315 1568 448 1714 reglique
466 1589 600 1651 regnum
621 1567 803 1631 immaniter
822 1567 978 1648 invidens,
1001 1567 1186 1630 incautum†

67 1662 99 1716 te
123 1651 322 1716 suasionibus
345 1655 355 1712 i
380 1652 455 1716 exit.
490 1650 577 1730 Quid
592 1651 677 1714 enim
692 1651 833 1715 suasorie
856 1649 981 1735 digesta
1002 1672 1066 1714 non
1088 1649 1186 1714 efficit

68 1735 193 1800 oratio?
220 1735 382 1817 Nimium,
404 1735 552 1820 inquam,
573 1732 614 1798 ab
637 1736 780 1821 utrisque
808 1735 989 1800 oberratum
1011 1744 1068 1799 est.
1120 1733 1185 1799 Sed

66 1821 132 1883 iam
153 1819 282 1884 tandem
310 1820 398 1903 prior
426 1817 539 1884 vobisb
561 1818 671 1884 redeat
697 1821 806 1884 virtus.
857 1818 991 1883 Summa
1018 1819 1183 1904 utriusque

67 1926 128 1988 ope
149 1914 282 1990 uterque
303 1904 438 1984 nitatur,
460 1911 496 1967 ut
517 1912 552 1967 tu
573 1901 692 1967 habeas
713 1925 822 1988 regem
844 1901 903 1968 tibi
930 1903 1075 1988 adprime
1099 1924 1183 1966 ccm-

65 1987 206 2071 modum,
230 1997 261 2052 et
282 2009 341 2052 rex
361 1985 478 2051 habeat
497 1995 529 2050 te
550 1987 656 2050 virum
679 2009 748 2051 sese
770 1987 1003 2072 dignissimum.
1046 1987 1130 2050 Nam
1151 1996 1182 2051 te

65 2071 152 2134 idem
171 2082 313 2157 prestare
327 2072 436 2157 gestiti
456 2072 495 2135 iis
511 2071 658 2135 omnibus
674 2072 730 2156 qui
745 2069 952 2135 Germaniam
959 2073 986 2114 ††
1005 2071 1183 2134 inhabitare

65 2167 248 2220 noscuntur.
294 2153 345 2220 Ob
360 2155 420 2218 hoc
435 2155 533 2239 igitur
547 2155 689 2217 animum
704 2153 745 2216 ad
759 2153 891 2218 meliora
904 2175 1030 2218 revoca.
1070 2153 1183 2216 Domi-

66 2241 167 2303 numk
189 2238 350 2303 abiectum
371 2240 488 2323 recipe,
510 2247 546 2300 ut
567 2247 599 2300 et
619 2247 655 2300 tu
669 2236 709 2301 ab
725 2258 762 2300 ec
779 2235 977 2301 extollendus
992 2236 1182 2320 excipiaris'.

82 2395 132 2458 24.
162 2393 357 2478 Responsio¹
379 2392 572 2539 ΗιιὶιιιίοἰὲΗ
592 2392 648 2539 {dl
670 2392 949 2538 metropolitanum
971 2393 1162 2457 Heriveum¹

555 2499 572 2540 e
625 2498 680 2540 aro
695 2497 723 2539 o.

149 2578 203 2642 Ad
224 2578 303 2642 haec
323 2577 544 2642 Heinricus†*:
568 2574 696 2657 ‘Multa’,
717 2578 835 2662 inquit,
860 2579 942 2642 ‘meb
964 2577 1005 2641 ab
1028 2577 1108 2640 hisln
1131 2577 1183 2642 de-

65 2666 240 2746 hortantur,
255 2663 317 2726 nisi
331 2658 395 2744 tua,
410 2671 501 2760 pater
516 2663 653 2747 egregie,
669 2662 768 2725 virtus
783 2661 825 2725 ad
845 2661 931 2726 idem
946 2661 1182 2748 quodammodo

64 2747 235 2833 pertrahat.
280 2747 355 2812 Scio
378 2769 471 2829 emm,
496 2768 592 2833 quam
614 2744 743 2809 difficile
766 2755 797 2810 et
817 2746 952 2810 arduum
974 2747 1032 2829 sit,
1057 2747 1087 2810 ci
1109 2767 1182 2810 con-

65 2831 170 2896 silium
200 2831 290 2913 dare,
320 2843 414 2895 cumn
446 2852 503 2894 sua
535 2831 763 2911 inconstantia,
792 2839 861 2894 tum
891 2852 1020 2894 suorum
1049 2830 1180 2894 invidia.

64 2915 137 2980 Non
159 2926 207 2979 est
228 2916 426 3001 incognitum
448 2913 536 2995 mihi,
560 2923 714 3012 quantum
735 2935 793 2998 pro
817 2935 855 2978 eo
878 2913 966 2977 domi
987 2912 1181 2999 militiaeque

65 2999 189 3084 pridem
205 2999 400 3063 certaverim.
443 2996 525 3062 Illud
544 3007 639 3061 etiam
653 2998 856 3062 notissimum
872 3007 1004 3080 constat,
1028 3007 1182 3082 quantum

66 3085 152 3147 circa
172 3105 224 3147 me
245 3082 308 3146 fide
331 3079 439 3145 debita
460 3080 578 3145 abusus
600 3083 649 3145 sit.
693 3081 732 3145 Id
752 3080 903 3161 fortassis,
926 3091 1032 3168 pater,
1054 3104 1182 3166 persua-

66 3166 133 3248 des,
156 3166 243 3251 quod
265 3188 338 3229 oum
359 3165 501 3228 factumn
524 3168 592 3246 erit,
613 3164 727 3230 fecisse
749 3164 913 3252 penitebit.
958 3165 1023 3230 Sed
1044 3167 1120 3251 quia
1142 3164 1181 3230 de

65 3250 172 3314 mairo
194 3271 288 3313 nemo
310 3250 387 3312 satis
410 3247 550 3330 callidus,
572 3270 665 3312 nemo
689 3251 764 3313 satis
785 3250 925 3348 prudens
947 3249 997 3331 fit,
1020 3247 1094 3312 licet
1115 3272 1182 3313 sae-

66 3335 139 3418 pius
161 3334 262 3418 prava
284 3354 379 3418 quam
401 3331 486 3396 bona
508 3329 639 3396 consilia
659 3343 858 3418 provemant,
880 3333 965 3398 ferar
980 3355 1182 3418 quocumque

66 3417 168 3481 iubes.
190 3416 442 3502 Modestiamque
464 3438 568 3480 meam
589 3425 663 3500 post
683 3425 770 3480 tuam
798 3417 986 3501 dignitatem
1008 3416 1182 3498 demittam,

66 3503 216 3567 virtutem
245 3511 331 3565 tuam
359 3510 520 3585 expertus.
570 3499 731 3587 Equidem
768 3502 929 3566 decretum
957 3500 1036 3564 mihi
1069 3499 1181 3582 fuerat,

66 3587 207 3670 ingenie,
237 3582 384 3667 consilio,
413 3586 510 3648 armis
539 3585 580 3650 ab
609 3605 647 3649 eo
668 3584 834 3650 recedere’.
878 3585 1053 3650 Persuasus
1074 3585 1182 3669 itaque

140 3754 165 3822 *)
186 3762 213 3808 at
231 3758 428 3823 frequentatum
447 3762 474 3807 et
493 3773 632 3808 commune
652 3757 715 3808 add.
737 3757 761 3807 1.

129 3827 166 3894 **)
185 3831 357 3896 Belgiccrum
379 3831 403 3894 1,
423 3847 489 3882 corr.
511 3831 536 3880 2.
611 3827 660 3896 ***)
681 3829 744 3880 add.
765 3831 790 3879 2.

142 3900 166 3967 Ἱι)
187 3906 243 3956 sive
262 3905 371 3954 incauto
391 3903 440 3954 tibi
459 3905 551 3955 nescio
571 3905 627 3954 sive
648 3902 742 3953 eadem
762 3900 799 3968 (2)
820 3903 978 3968 cupientis.
1000 3902 1023 3964 1,
1043 3917 1109 3952 corr.
1131 3900 1155 3950 2.

131 3973 170 4042 ll)
190 3977 329 4042 Belgicam
352 3977 375 4040 1,
395 3993 462 4028 corr.
483 3975 509 4027 2.
583 3973 635 4043 †††)
653 3974 692 4025 ita
710 3975 725 4024 2
745 3975 774 4025 in
793 3975 847 4026 loco
867 3991 937 4025 raso.

130 4047 167 4114 †*)
188 4049 353 4101 Gislebertus
374 4050 399 4110 1,
419 4065 485 4100 corr.
506 4049 530 4100 2.

128 4194 151 4248 ιι)
168 4207 190 4238 a.
202 4207 219 4237 r.
229 4196 283 4239 m.l.
302 4197 323 4237 t.
368 4191 392 4245 b)
408 4192 522 4243 postam.
540 4195 559 4234 1.
606 4190 627 4246 c)
640 4193 723 4246 suadet
736 4193 756 4232 1.
802 4189 825 4242 d)
841 4192 926 4234 m.t.1.
972 4189 994 4242 e)
1011 4192 1090 4232 crebro
1106 4191 1187 4233 adm.

66 4255 86 4308 f)
103 4256 176 4305 quue
192 4257 213 4299 1.
273 4251 297 4306 g)
314 4253 475 4302 corrigendum
491 4255 512 4294 1.
573 4249 648 4304 h)'1'e
667 4273 691 4282 -
707 4251 798 4291 videtur
814 4246 842 4300 (l)
862 4251 881 4303 1,
898 4260 954 4290 corr.
972 4251 992 4291 2.
1051 4247 1068 4299 i)
1086 4249 1149 4297 cupit
1165 4249 1185 4297 1,

66 4327 126 4356 corr.
143 4316 164 4355 2.
225 4311 295 4366 101).
312 4316 376 4354 tuum
392 4313 417 4364 1,
445 4322 501 4353 corr.
519 4312 539 4353 2.
600 4307 618 4362 1)
632 4311 666 4362 R,
687 4309 729 4362 ad,
750 4309 785 4349 Hc
809 4308 863 4348 abac.
923 4307 955 4362 m)
972 4318 1026 4356 rege
1043 4308 1068 4358 1,
1091 4317 1148 4344 corr.
1165 4305 1186 4343 2.

65 4372 90 4426 n)
108 4378 157 4414 tum
172 4383 277 4423 maaser.
294 4383 313 4413 c.

910 4435 954 4498 (λιι
