2820 4824
161 442 171 455 ·
212 365 265 419 180
450 365 604 418 RICHERI
622 364 876 418 HISTORIARUM
895 364 1005 416 LIBER
1024 365 1085 416 IIII

150 558 203 600 soe.
298 531 476 597 Richardus
498 543 685 617 pyratarum
707 531 775 596 dux
795 530 967 617 apoplexia
983 533 1107 597 minore
1122 533 1231 617 periit.
1267 532 1331 597 Hil-

213 621 330 689 duinus
353 638 479 702 quoque
501 613 682 680 vinolentia.

289 699 428 769 Sinodus
472 699 590 784 uinque
615 699 840 784 episcoporum
861 699 896 761 in
916 698 1025 763 Monte
1049 699 1191 765 Sanctae
1213 699 1331 767 Mariae

215 783 324 848 habita
345 793 402 851 est.
447 786 457 868 [
493 783 647 847 einricus¹
672 804 799 867 quoque
821 780 889 845 dux
911 781 1034 868 obiitq.

95 890 165 932 reor.
182 890 204 932 s.
298 865 373 930 Alia
393 868 469 932 item
495 865 626 930 sinodus
652 864 740 951 apud
761 865 950 948 Engleheim
977 865 1100 930 indicta
1129 876 1180 932 est
1206 877 1330 933 sanctam

215 949 359 1034 Agathes
380 950 549 1015 festivitate
570 949 727 1031 habenda,
748 970 830 1034 quae
845 959 876 1014 ct
894 971 951 1014 suo
966 959 1112 1035 tempore
1126 950 1242 1015 habita
1256 953 1329 1016 esti.

298 1035 396 1099 Berta
419 1033 572 1098 Rotberto
598 1032 719 1097 nubere
745 1031 872 1115 volens,
906 1032 1100 1098 Gerbertum
1127 1035 1269 1099 consulit
1295 1057 1330 1098 ac

214 1117 255 1191 ab
278 1140 315 1182 eo
338 1117 526 1183 confutatur.

299 1201 473 1266 Gerbertus
501 1201 638 1264 Romam
666 1201 911 1264 ratiocinaturus
932 1200 1030 1282 vadit,
1064 1221 1104 1264 ac
1132 1201 1181 1266 ibi
1210 1204 1329 1266 ratione

213 1304 318 1372 papae
340 1285 424 1367 data,
447 1307 521 1348 cum
543 1282 646 1346 nullus
668 1294 842 1366 accusaret,
864 1283 926 1348 alia
947 1285 1078 1348 sinodus
1099 1285 1283 1350 indicitur0.

297 1478 396 1564 Hugo
428 1501 487 1542 rex
518 1475 645 1561 papulis
677 1485 743 1541 toto
776 1497 910 1562 corpore
937 1475 1118 1559 confectus,
1147 1478 1183 1545 iu
1214 1477 1329 1565 oppido

214 1561 362 1646 Hugonis
383 1562 513 1626 Iudeis¹
535 1561 694 1624 extinctus
717 1569 774 1624 est.

297 1645 469 1709 Rotbertus
490 1666 549 1708 rex
568 1644 655 1735 patri
676 1643 867 1725 succedens,
890 1664 1021 1707 suorum
1044 1643 1181 1708 oonsilio
1203 1646 1328 1710 Bertam

100 1741 151 1784 002·
168 1743 202 1783 ²³·
214 1727 307 1792 duxit
333 1749 484 1810 uxorem,
517 1749 554 1791 ea
583 1749 660 1790 usus
686 1728 824 1808 ratione,
859 1726 945 1812 quod
977 1726 1091 1792 melius
1124 1729 1167 1793 sit
1195 1752 1328 1815 parvum

153 1819 203 1863 ⁹⁹⁷·
214 1810 347 1896 aggredi
368 1809 497 1892 malum,
519 1819 555 1873 ut
575 1811 770 1876 martimum‘l
792 1811 935 1874 evitetur.

297 1895 468 1959 Rotbertus
496 1916 570 1975 rex,
602 1894 698 1958 ducta
725 1894 823 1959 Berta
850 1915 967 1974 uxore,
997 1895 1030 1956 in
1052 1894 1248 1978 Falconem,
1280 1897 1328 1982 qui

215 1977 338 2043 Odonis
360 1977 560 2042 adversarius
581 1976 692 2056 fuerat,
715 1977 814 2042 fertur
836 1988 868 2042 et
888 1977 929 2041 ab
952 1999 989 2042 eo
1004 1977 1121 2042 urbem
1136 1980 1328 2044 Turonicam

214 2060 329 2127 etalio
372 2084 432 2126 uae
454 2070 638 2146 pervaserat
658 2062 724 2126 vim
746 2063 889 2146 recipit³.

295 2083 467 2210 Rolbertus
487 2168 546 2209 rex
568 2146 602 2208 in
616 2144 791 2230 Aquitania
813 2145 853 2209 ob
871 2154 1020 2230 nepotem
1035 2167 1128 2209 suum
1144 2145 1327 2212 Wilelmum

212 2229 377 2295 obsidione
397 2228 671 2294 Hildebertum⁰·⁴
691 2230 817 2313 premit.

297 2313 472 2378 Gerbertus
504 2314 619 2377 iterum
651 2313 787 2375 Romam
819 2312 895 2376 adit.
951 2313 1066 2398 Ibique
1100 2335 1177 2377 eum
1208 2336 1327 2378 moram

210 2397 337 2480 faceret,
359 2395 510 2460 Amulius
532 2397 569 2460 al
588 2396 741 2460 Rotberto
761 2418 836 2492 rege
858 2395 1035 2470 dimittitur.

297 2480 471 2546 Gerbertus
493 2502 566 2544 cum
581 2478 727 2544 Rotberti
744 2501 828 2563 regis
843 2478 1009 2564 perfidiam
1024 2480 1218 2562 dinosceret,
1244 2481 1328 2546 Otto·

211 2587 285 2629 nem
306 2587 416 2648 regem
438 2565 630 2649 frequentat,
661 2574 692 2627 et
711 2563 869 2648 patefacta
891 2563 940 2626 sui
960 2564 1082 2648 ingenii
1103 2566 1239 2650 peritia,
1267 2565 1327 2650 epi·

213 2659 381 2732 scopatum
402 2648 618 2712 Ravennatem
641 2648 682 2711 ab
705 2668 742 2710 eo
763 2647 911 2731 accipit⁵.

149 2767 202 2807 998,
298 2729 472 2872 Greqorius
514 2741 621 2814 papa⁰
657 2730 767 2793 tandiu
806 2730 961 2814 permittit
1000 2729 1160 2794 arnulfos
1190 2731 1326 2795 officium

214 2813 378 2876 sacerdota
391 2834 418 2892 e,
451 2813 553 2875 donec
584 2814 618 2874 in
638 2814 835 2897 temporibus
863 2814 1100 2879 racionabiliter
1126 2823 1184 2880 aut
1204 2813 1327 2901 legibus
1365 2884 1368 2895 ,

213 2894 362 2980 adquirat
380 2903 436 2957 aut
455 2893 579 2978 legibus
600 2895 755 2960 amittat&

272 3080 295 3133 a)
317 3083 394 3122 iterum
414 3083 487 3122 deleta.
562 3082 585 3136 b)
607 3096 648 3125 vox
664 3086 749 3125 obtecta.
830 3084 851 3138 o)
875 3087 983 3135 imusque
998 3091 1120 3127 atramento
1130 3089 1199 3137 susce
1216 3101 1260 3140 quo
1270 3089 1327 3139 solie

212 3142 290 3181 codicis
305 3142 385 3184 1-28.
406 3144 496 3182 celerata
511 3148 562 3182 sont
584 3144 648 3196 (quae
665 3146 711 3194 jam
730 3146 766 3184 vie
786 3146 826 3194 lapi
844 3143 961 3195 possunt),·
982 3146 1067 3194 reliqua
1082 3151 1230 3188 atramentum
1245 3149 1325 3198 uepres

210 3200 315 3248 foliorum
331 3200 432 3241 att-55¹.
446 3202 575 3252 praeferant
649 3201 672 3254 d)
689 3214 718 3244 m.
734 3205 827 3253 penitus
844 3215 864 3244 e.
882 3207 902 3243 1.
970 3201 992 3254 e)
1009 3205 1075 3244 illum
1093 3207 1114 3244 1.
1182 3206 1199 3258 i)
1213 3206 1324 3257 possead.

212 3257 236 3311 g)
252 3259 376 3300 Amulium
403 3260 479 3300 officio
502 3262 640 3301 sacerdotali
661 3263 681 3302 1.
735 3259 758 3312 h)
775 3263 809 3301 liic
822 3263 949 3301 notitiarum
959 3263 1021 3313 fiale.
1052 3263 1146 3313 Reliqua
1159 3267 1247 3315 popina
1262 3275 1324 3305 vem

211 3320 320 3366 remearit,
343 3324 428 3368 excepta
448 3321 577 3368 probatione
590 3331 688 3369 pennae,
709 3325 728 3358 et
748 3321 789 3359 hee
808 3322 913 3360 sententia
932 3321 1027 3371 insertus
1046 3322 1134 3362 saecri
1148 3335 1219 3364 manu
1234 3326 1326 3364 eriam

211 3378 325 3418 Libellum
347 3388 415 3426 quem
435 3379 479 3418 boc
499 3389 560 3418 anno
576 3379 730 3430 praestitistis,
756 3380 784 3418 de
800 3380 925 3420 medicina.
941 3384 964 3420 et
979 3380 1007 3420 tle
1029 3382 1152 3430 speciebus
1175 3385 1323 3423 metallorum.

210 3437 303 3488 quando
318 3438 342 3476 in
358 3437 457 3476 armario
472 3438 541 3477 simul
557 3437 649 3478 inimus.
665 3438 722 3476 mibi
736 3439 891 3479 transmittite.

285 3564 313 3634 1)
326 3569 469 3619 Heinricus
480 3569 664 3619 Baioariorum
677 3569 729 3619 dux
742 3585 765 3622 a.
780 3570 841 3632 995,
856 3570 900 3619 die
914 3571 958 3620 27.
970 3569 1085 3635 Augusti
1098 3571 1167 3622 obiit
1234 3573 1263 3638 2)
1276 3573 1294 3623 i.
1303 3586 1325 3620 e.

210 3656 226 3690 a
249 3640 368 3702 Iudaeis,
396 3641 508 3692 medicis
532 3641 659 3703 sortasse,
688 3646 717 3692 ut
742 3641 775 3692 de
800 3641 900 3692 Karolo
927 3642 1199 3696 CalvoHincmarus
1227 3645 1324 3698 scribit.

211 3709 241 3775 3)
261 3713 304 3762 Of.
323 3713 448 3762 Ademar.
475 3713 529 3774 III,
556 3715 605 3776 34,
639 3715 688 3766 SS.
709 3715 756 3778 IV,
788 3731 813 3780 p.
836 3715 906 3778 131,
938 3717 984 3780 qui
1015 3715 1085 3765 haec
1118 3717 1200 3769 aliter
1231 3721 1321 3768 narret

210 3781 239 3848 4)
259 3783 420 3834 Aldsbertus
439 3785 667 3850 Petregoricensis
687 3803 730 3852 ap.
749 3787 844 3837 Adem.
864 3787 883 3838 1.
902 3788 921 3839 l.
996 3785 1026 3854 ὃ)
1045 3789 1192 3840 Rioberum
1214 3791 1323 3842 Gerber·

210 3861 266 3904 tum
286 3857 439 3905 comitatum
459 3873 517 3907 esse
536 3858 651 3924 ideoque
667 3858 740 3909 filum
753 3861 911 3911 narrationis
925 3861 1072 3927 abrupisse,
1086 3878 1182 3928 parum
1196 3861 1322 3930 probabili

212 3928 366 3977 coniectura
384 3930 476 3978 statuit
490 3929 663 3993 Lenormant3
679 3932 712 3982 oi.
721 3933 827 3983 Gnadet
836 3935 858 3996 I,
872 3950 896 3999 p.
905 3934 988 3982 XXV.
1065 3932 1093 3999 6)
1115 3934 1192 3987 Obiit
1217 3952 1242 4005 a,
1264 3934 1324 3991 999»

213 3997 256 4059 die
275 3998 417 4047 Februarii
438 4000 483 4065 18,
511 4007 538 4051 et
557 4001 600 4052 die
619 4004 718 4070 Aprilis
739 4005 764 4056 2.
792 4007 910 4072 proxime
929 4008 1053 4072 sequenti
1072 4005 1221 4062 Gerbertus
1240 4007 1321 4076 ponti·

210 4068 320 4120 ficetum
339 4070 484 4121 Romanum
505 4073 617 4139 adeptus
637 4082 684 4127 eet.

555 4271 975 4288 *m*—
