2820 4824
226 321 260 368 22
390 349 393 354 ·
487 315 640 367 RIOHERI
660 315 913 368 HISTORIARUM
932 316 1044 367 LIBER
1064 316 1087 367 1.

225 485 270 549 At
302 486 498 570 pirataruma
530 482 671 567 legiones
709 480 806 567 longo
839 505 908 548 sese
947 481 1057 546 ordine
1095 482 1347 567 protenderantb

225 571 395 654 ipsumque
418 566 561 631 ordinem
576 565 618 630 ad
632 565 738 631 hostes
754 565 962 652 excipiendos
978 578 1191 631 curvaverant
1207 580 1347 634 scemate

225 653 319 715 lunae
341 671 423 737 quae
444 651 478 712 in
499 653 691 734 augmento*
712 658 769 731 est,
798 660 842 733 ut,
873 651 949 714 dum
970 648 1069 713 multo
1092 648 1220 716 fervore
1242 653 1347 718 hostes

226 744 368 816 ruerent,
405 734 564 798 exercitus
594 733 798 798 circulatione
826 735 1065 819 exciperentur,
1110 734 1157 796 sic
1187 737 1288 800 etiam
1310 735 1347 800 ab

226 821 265 882 iis
288 819 396 904 quiin
418 840 518 881 cornu
539 827 673 904 utroque
695 819 901 903 persisterent
922 840 942 880 a
962 827 1052 903 tergo
1074 819 1227 902 appetiti,
1261 843 1347 885 more

228 902 386 988 pecudum
409 912 630 966 sternerentur.

311 987 360 1050 30.
390 986 451 1049 His
466 1008 543 1071 ergo
558 987 592 1049 in
605 995 740 1070 utraque
755 994 845 1071 parte
861 986 989 1070 paratis,
1006 995 1138 1069 uterque
1151 988 1346 1051 exercitus**

229 1071 327 1156 signis
356 1069 476 1134 collatis
505 1070 716 1155 congreditur.
775 1069 945 1134 Rotbertus
975 1079 1027 1133 etc
1060 1067 1246 1134 Dalmatius
1278 1092 1347 1135 cum

227 1155 395 1241 Aquitanis
416 1153 557 1240 legiones
579 1155 755 1239 piratarum
782 1162 950 1250 penetrant
976 1153 1146 1237 statimque
1168 1152 1210 1217 ab
1234 1155 1274 1218 iis
1297 1157 1347 1240 qui

226 1240 260 1301 in
296 1237 443 1303 cornibus
480 1248 570 1302 erant
605 1260 624 1300 a
660 1247 749 1321 tergo
785 1245 990 1322 rmpetuntur.
1043 1236 1124 1300 Mox
1157 1259 1288 1325 quoque
1320 1250 1347 1302 et

227 1320 347 1408 Belgae
356 1325 399 1354 ***
421 1322 577 1406 inprovisi
600 1330 836 1406 prosequrmtur
858 1330 952 1406 atque
973 1321 1111 1405 piratas,
1139 1322 1194 1405 qui
1217 1343 1238 1384 a
1259 1333 1347 1408 tergo

228 1430 301 1471 suos
331 1407 535 1491 premebant,
571 1405 703 1467 immani
732 1405 810 1469 cede
846 1413 997 1469 sternunt.
1050 1403 1192 1468 Neustrii
1221 1428 1346 1493 quoque

227 1491 424 1554 atrocissime
457 1489 584 1552 instant.
639 1489 678 1551 In
711 1510 774 1575 qua
797 1489 1041 1571 commixtione,
1075 1510 1148 1551 cum
1171 1488 1345 1574 Aquitani†

227 1575 340 1672 piratis
368 1571 557 1635 circumdati
590 1570 712 1636 multod
748 1575 915 1637 conamine
944 1595 998 1636 eos
1032 1592 1111 1658 quos
1140 1573 1347 1658 impellebant

228 1681 262 1720 1n
283 1657 318 1719 fu
340 1677 392 1718 am
415 1664 577 1740 cogerent,
600 1656 642 1718 iie
665 1657 720 1742 qui
741 1657 775 1719 in
796 1655 946 1721 cornibus
968 1657 1172 1741 perstiterant
1199 1679 1218 1720 a
1240 1657 1346 1744 Belgis

228 1741 276 1804 etf
297 1679 453 1802 ndenstriis
474 1738 549 1802 hinc
569 1742 805 1824 premebantur,
832 1740 907 1804 inde
927 1762 1003 1804 vero
1025 1739 1066 1804 ab
1081 1742 1254 1826 Aquitanis
1277 1765 1347 1806 con-

228 1825 327 1887 versis
349 1821 484 1887 letaliter
504 1846 542 1886 ur
565 1822 708 1888 ebantur.
753 1824 903 1910 Superati
929 1826 1037 1911 itaque
1064 1847 1154 1888 arma
1184 1824 1348 1911 deponunt

229 1929 267 1971 ac
288 1904 394 1971 multis
415 1846 605 1972 clamoribus
628 1930 686 1994 pro
708 1910 775 1973 vita
790 1907 1002 1995 supplicante.
1045 1908 1217 1973 Rotbertus
1240 1911 1347 1996 itaque

228 1992 355 2055 tantaeh
378 1992 469 2055 caedi
490 2015 622 2078 parcere
644 1994 725 2079 petit
746 2013 784 2056 ac
805 1995 902 2056 instat
923 2003 958 2057 ut
979 2002 1137 2057 eruantur.
1181 1993 1250 2058 Vix
1273 2016 1347 2081 quo·

230 2097 292 2160 que
314 2074 354 2139 ab
378 2075 474 2140 caede
497 2078 618 2161 quievit
639 2078 816 2158 exercitus,
846 2075 946 2141 multo
968 2077 1180 2163 prosperioris
1201 2076 1346 2143 fortunae

228 2161 376 2224 incitatus
399 2182 560 2224 successu.
605 2160 723 2225 Sedato
744 2181 821 2224 vero
843 2160 988 2243 tumult0,
1011 2163 1066 2246 qui
1087 2161 1169 2224 inter
1190 2183 1245 2225 eos
1268 2164 1346 2249 poti-

228 2267 298 2310 ores
330 2244 523 2309 videbantur
555 2267 575 2308 a
601 2245 682 2308 duce
716 2245 802 2329 capti
830 2254 917 2327 sunt,
946 2243 1061 2331 reliqui
1089 2267 1165 2310 vero
1198 2247 1259 2310 sub
1282 2247 1347 2311 iure

230 2327 379 2394 obsidum
401 2329 442 2392 ad
465 2328 597 2392 classem
619 2329 723 2392 redire
746 2330 980 2413 permittuntur.

312 2413 362 2476 31.
405 2415 536 2476 Patrata
563 2434 638 2496 ergo
665 2413 814 2493 victoria,
842 2413 1064 2499 exercituquei
1088 2411 1238 2495 solutoll,
1273 2414 1347 2478 Rot-

226 2497 336 2561 bertus
368 2504 479 2580 captos
489 2497 529 2538 Ἣ
552 2496 668 2558 Parisii
695 2495 836 2579 deponit.
893 2497 996 2561 Hosr*
1023 2499 1275 2582 percunctansl,
1308 2521 1347 2562 an

227 2580 413 2641 christianil‘
453 2588 577 2658 essent,
610 2578 731 2641 nullum
771 2583 906 2643 eorumk
948 2582 1121 2666 quicquam
1155 2579 1214 2645 reli
1239 2582 1345 2647 ionisl

226 2660 430 2725 huiusmodil
466 2662 610 2746 attigisse
620 2663 650 2743 ¹³,
686 2684 758 2725 com
784 2665 851 2728 erit.
909 2664 1007 2728 Misso
1048 2667 1156 2750 itaque
1191 2604 1256 2729 adl*
1293 2687 1345 2730 eos

227 2744 451 2808 instruendosl
484 2746 658 2810 reverendo
688 2685 889 2831 presbiterol
917 2759 949 2814 et
981 2753 1137 2814 monacho
1172 2749 1344 2831 Martinol,

227 2828 268 2891 ad
290 2826 387 2892 fidem
410 2828 552 2893 Christik
581 2832 735 2904 conversi
756 2842 838 2896 sunt.
883 2832 971 2912 Quis
997 2855 1074 2897 vero
1109 2833 1151 2897 ad
1188 2831 1346 2898 classemk

227 2912 405 2994 redierant,
428 2912 503 2976 aliik
526 2936 636 2978 eorum
658 2915 862 2998 christianil,
888 2915 942 2980 alii
964 2918 1107 3003 paganil
1129 2919 1279 2981 mixtimh
1301 2919 1345 2981 in-

301 3039 323 3104 *J
345 3057 370 3106 q.
392 3041 485 3105 quinta
505 3047 546 3092 est
567 3043 592 3090 1.

288 3111 324 3177 **)
345 3129 368 3164 e.
379 3129 438 3164 cum
452 3116 566 3165 maximo
579 3115 693 3166 clamore
705 3132 764 3167 cum
775 3115 853 3183 (olel.)
864 3118 948 3182 signis
961 3117 1066 3168 infestis
1083 3153 1180 3168 ......
1200 3118 1223 3181 1,
1238 3135 1308 3169 corr.
1320 3118 1345 3168 2.

276 3183 325 3253 ***)
346 3193 372 3237 et
392 3187 556 3239 Gislebertus
583 3205 643 3240 curn
667 3190 760 3255 Belgis
784 3191 934 3256 inprovisus
958 3191 1127 3257 prosequitur
1148 3193 1297 3243 -sternit
1319 3193 1343 3241 1.

300 3256 322 3322 l)
344 3259 447 3326 Belgae
467 3277 483 3311 a
502 3279 528 3328 p.
550 3263 573 3310 1.
649 3260 686 3328 ††)
708 3265 819 3330 quisque
839 3265 876 3314 ad
895 3279 944 3314 sua
962 3264 1042 3314 rediit
1062 3264 1126 3315 add.
1148 3264 1171 3324 1,
1192 3264 1245 3314 del.
1267 3267 1292 3316 2.

274 3329 325 3396 †††)
344 3335 376 3385 R.
397 3350 459 3385 vero
480 3335 587 3386 obsides
607 3338 751 3402 piratarum
773 3339 797 3398 1,
817 3353 884 3387 corr.
906 3336 931 3387 2.

287 3403 325 3474 †*)
344 3409 401 3458 Hos
422 3435 456 3444 -
476 3409 680 3476 metropolitano
701 3407 736 3476 (c.
750 3407 799 3475 32)
818 3407 848 3459 in
860 3425 945 3476 marg.
960 3411 985 3471 2,
1005 3409 1095 3461 deletis
1111 3411 1210 3476 quael
1230 3409 1343 3475 scriptae·

343 3488 403 3531 rat:
432 3482 474 3531 An
498 3481 614 3533 fideliter
639 3483 769 3548 baptizari
788 3483 980 3548 spoponderint
1005 3483 1211 3548 diligentissime
1236 3484 1343 3550 perqui-

343 3570 413 3605 rens.
453 3555 595 3622 Oomperto
614 3571 686 3616 vero,
705 3554 778 3620 qnod
798 3553 877 3621 (corr.
898 3553 981 3622 quia),
1001 3557 1025 3608 si
1045 3559 1083 3608 eis
1103 3562 1173 3607 terra
1192 3558 1260 3606 mari
1281 3571 1343 3606 con·

343 3630 425 3694 tigna,
452 3644 531 3693 quam
551 3630 603 3695 ipsi
627 3643 733 3694 quoque
758 3629 883 3679 insectati
907 3629 1019 3698 fuerant,
1047 3631 1096 3682 sub
1115 3631 1215 3680 tributo
1236 3629 1344 3680 daretur

345 3701 481 3765 (vocpost
495 3701 582 3765 add),
599 3706 625 3751 et
645 3701 816 3750 christianam
835 3702 991 3766 religionem
1011 3709 1106 3769 sponte
1126 3708 1298 3769 suscepturos
1318 3707 1345 3752 et

344 3775 402 3838 regi
422 3773 568 3824 Galliarum
588 3772 704 3823 fideliter
722 3773 889 3835 militaturos,
917 3775 980 3825 huic
998 3777 1038 3826 rei
1056 3793 1109 3827 non
1128 3775 1252 3827 sufficere
1274 3776 1343 3838 (occ.

338 3852 400 3910 post
414 3847 492 3911 add.)
508 3847 628 3909 credens,
646 3845 785 3896 consilium
803 3846 831 3898 id
852 3847 1028 3900 ordinandum
1038 3850 1151 3900 Wittoni
1170 3866 1220 3916 per
1238 3848 1343 3915 legatos

344 3918 435 3985 dirigit
448 3920 683 3984 Rotomagensium
700 3922 836 3986 episcopo.
873 3922 985 3972 Necnon
999 3928 1025 3972 et
1037 3923 1155 3973 Heriveo
1169 3923 1343 3974 Remensium

343 3992 549 4059 metropolitano
568 3991 640 4042 idem
659 3992 753 4058 pandit
768 4009 800 4043 ac
814 3995 848 4045 ab
870 4010 902 4046 eo
921 3997 1052 4046 rationem
1071 3997 1147 4063 petit.
1185 3995 1223 4045 Hi
1243 3996 1343 4046 etenim

344 4066 396 4117 duo
415 4064 614 4130 metropolitani
634 4064 754 4116 celebres
773 4099 1298 4122 .............................
1316 4069 1344 4117 in

344 4138 440 4191 Galliis
459 4144 522 4189 tunc
541 4172 640 4188 ......
659 4139 844 4193 credebantur.

283 4227 306 4280 a)
322 4231 412 4280 piratae
429 4231 449 4269 1.
524 4226 548 4279 b)
564 4229 729 4278 protenderant
743 4242 760 4271 c.
836 4231 857 4283 c)
874 4243 926 4272 cum
941 4233 1060 4273 Dalmatio
1075 4232 1150 4282 etAq.
1168 4234 1188 4274 1.
1251 4230 1274 4283 d)
1292 4243 1344 4273 cum

225 4291 291 4329 m.1.
359 4287 381 4338 e)
397 4288 426 4326 iis
442 4297 499 4328 corr.
516 4287 541 4326 ii.
609 4287 627 4338 i)
644 4289 699 4330 abac.
770 4287 793 4342 g)
810 4291 958 4341 dimidiaserc
973 4292 1031 4331 linea
1047 4303 1118 4333 erasa.
1185 4289 1210 4344 h)
1223 4296 1275 4341 post
1290 4292 1342 4333 aad.

224 4344 242 4396 i)
259 4357 302 4395 que
318 4347 368 4386 aad.
386 4346 406 4386 2.
457 4342 482 4394 k)
499 4349 514 4398 t,
530 4356 554 4398 n,
570 4355 589 4399 e,
605 4347 621 4400 l,
637 4347 659 4400 h,
676 4358 697 4400 ε,
713 4358 735 4403 a,
752 4349 773 4403 d,
789 4350 897 4403 presbite,
912 4350 943 4403 M,
960 4350 1044 4405 Christ,
1060 4351 1087 4404 Q,
1104 4361 1160 4403 sem,
1176 4361 1197 4403 a,
1213 4351 1229 4402 i,
1245 4351 1271 4390 ni
1286 4351 1343 4391 absc.
