2820 4824
336 384 491 436 RIOHERI
510 384 762 436 HISTORIARUM
781 385 893 437 LIBER
911 386 978 437 ῙΠΙ.
1167 390 1222 439 165

94 575 161 640 que
192 551 311 615 diutius
337 552 519 615 resistentes
549 552 726 614 comminus
755 562 935 636 pugnarent
972 575 1032 617 nec
1060 554 1218 638 cederent,

93 636 224 723 postico
247 635 334 720 quod
355 635 485 699 inferius
507 633 626 698 latebat
646 635 769 700 viribus
792 636 992 700 caedentium
1011 648 1111 720 eruto,
1133 642 1217 726 pira-

93 732 148 786 tae
170 718 305 783 admissi
326 729 410 783 sunt.
454 719 498 782 Et
524 741 544 781 a
564 728 653 802 terge
680 719 715 781 in
743 741 835 782 muro
863 718 1082 805 pugnantibus
1110 745 1219 810 super-

93 805 271 885 venientes,
293 801 394 867 multa
416 802 514 867 caede
541 803 575 864 in
604 804 649 865 eis
677 801 844 866 debaccati
873 815 955 868 sunt.
1010 804 1065 868 Sic
1091 828 1218 895 quoque

94 887 290 969 factumest,
312 896 347 951 ut
362 896 393 950 et
406 884 546 972 reliquus
561 887 719 950 exercitus
733 887 789 949 ina
806 885 898 952 litore
914 888 1019 952 adhuc
1033 892 1218 974 persistens,

95 969 253 1119 0Ιὲιᾶξεὶοω
275 970 424 1056 pedester
438 969 699 1034 intromitteretur
720 979 923 1056 castrumque
944 974 1128 1057 repentinus
1147 997 1218 1060 per·

93 1077 119 1120 v
163 1065 239 1120 eret.

301 1209 350 1273 78.
395 1206 601 1273 Casuensesb
625 1209 711 1294 capti
733 1210 847 1298 [regiP’
869 1209 1012 1274 danturb.
1070 1255 1073 1261 -

182 1313 214 1374 A
254 1311 348 1375 uibus
363 1321 541 1374 castrenses
565 1313 652 1396 capti
667 1319 698 1374 et
712 1311 790 1375 victi
799 1323 820 1394 ⁰,
842 1333 920 1375 mox
934 1313 1004 1397 regi
1019 1311 1117 1378 oblati
1131 1325 1216 1380 sunt.

95 1396 161 1459 Pro
192 1397 246 1480 qui
270 1417 308 1457 us
338 1394 468 1458 coramd
496 1417 572 1478 rege
604 1393 645 1458 ab
673 1396 784 1458 amicis
812 1395 953 1460 oratione
981 1397 1103 1479 habita,
1130 1397 1216 1464 facta

94 1479 166 1564 regi
181 1477 244 1542 fide
260 1478 384 1542 dimissi
399 1486 481 1560 sunt,
501 1500 574 1541 cum
589 1499 653 1541 non
667 1487 790 1542 tantum
807 1479 875 1543 reie
889 1482 1081 1544 maiestatise
1096 1484 1214 1566 regiae,

96 1562 275 1649 quantumf
299 1562 350 1625 sui
376 1561 497 1625 domini
523 1559 633 1626 fideles
662 1561 790 1626 dicendi
816 1571 930 1626 essent.
978 1563 1032 1627 Ad
1058 1564 1093 1628 id
1119 1567 1215 1629 etiam

94 1669 160 1712 non
183 1645 336 1732 perfidiae
364 1646 452 1727 vitio,
481 1645 538 1708 sed
566 1643 667 1708 multa
693 1646 809 1710 virtute
835 1646 991 1710 adductos
1021 1648 1214 1713 asserebant.

94 1731 158 1794 His
198 1751 273 1814 ergo
302 1727 450 1793 obsidum
477 1729 546 1791 iure
580 1728 728 1810 dimissis,
761 1737 792 1793 et
829 1740 931 1795 castro
959 1731 1087 1796 domine
1115 1733 1215 1818 priori

93 1813 231 1895 reddito,
254 1812 407 1898 proditor,
430 1813 521 1876 cuius
543 1811 616 1876 dolo
638 1811 822 1877 huiusmodi
842 1814 1051 1879 inforumium
1070 1817 1214 1898 accessit,

94 1919 175 1962 mox
197 1894 463 1982 comprehensus,
493 1895 666 1981 suspendio
694 1919 784 1962 secus
814 1899 909 1962 castri
936 1909 1063 1983 portam
1089 1899 1214 1964 defecit.

94 1981 165 2045 Nec
197 1981 304 2044 minus
337 1981 404 2043 eius
435 2001 531 2060 uxor,
568 1981 719 2044 inusitato
751 1979 881 2044 ludibrii
919 2004 1037 2066 genere
1076 1983 1214 2069 pedibus

96 2086 262 2150 suspensa,
285 2064 410 2128 exuviis
432 2064 681 2149 circumquaque
711 2063 923 2128 defluentibus
950 2066 1083 2147 nudata,
1114 2069 1214 2131 atroci

94 2149 159 2213 fine
181 2148 274 2211 iuxta
293 2148 399 2211 virum
424 2147 551 2211 interiit.
602 2146 683 2211 Oum
709 2148 789 2211 haec
816 2169 836 2210 a
859 2148 1006 2230 ebantur,
1037 2148 1109 2215 Odo
1139 2171 1213 2213 cum

95 2233 240 2298 exercitu
254 2231 340 2294 haud
354 2229 466 2316 procul
479 2231 526 2294 rei
541 2241 688 2295 eventum
705 2170 944 2317 opperiebatur5
966 2240 1055 2296 ratus
1073 2242 1212 2296 castrum

93 2339 114 2380 a
136 2317 204 2380 suis
225 2337 321 2401 posse
343 2324 454 2379 contra
474 2313 581 2378 hostes
602 2313 743 2397 defendi3
772 2314 903 2378 insidias
930 2315 1129 2400 piratarum&
1157 2315 1212 2380 ali-

95 2401 282 2487 quantisper
304 2408 467 2483 suspectas
489 2396 620 2464 habens.
662 2399 751 2461 Dum
780 2420 856 2482 ergo
885 2397 998 2462 herens
1028 2399 1068 2463 de
1095 2409 1212 2464 eventu

93 2492 231 2565 nutaret,
253 2483 371 2546 affuere
391 2483 504 2561 nuntii,
527 2482 582 2567 qui
604 2492 743 2546 castrum
765 2503 803 2546 ca
826 2492 895 2546 tum
915 2504 1054 2569 suosque
1069 2505 1212 2569 compre-

93 2567 211 2632 hensos
232 2576 264 2630 et
285 2567 421 2630 inermes
442 2565 542 2629 factos
564 2577 749 2630 assererent.
794 2505 866 2646 (Eue
889 2565 1007 2642 audite,
1034 2568 1211 2631 exercitum

93 2673 160 2714 non
193 2671 296 2734 aequo
329 2650 435 2713 animo
468 2649 510 2712 ad
542 2671 600 2712 sua
631 2649 773 2714 dimovit.
827 2650 890 2715 Oui
922 2671 995 2713 cum
1025 2673 1044 2713 a
1092 2650 1211 2715 uerulis

93 2734 286 2820 quibusdam
317 2731 547 2813 intenderetur,
583 2742 713 2818 propter
749 2756 822 2797 eum
853 2735 958 2798 virum
990 2756 1067 2798 cons
1138 2736 1211 2799 emh

92 2817 268 2903 suspendio
300 2818 460 2894 interisse,
494 2815 566 2880 Ode
596 2817 800 2902 respondisse
828 2817 941 2899 fertur,
974 2840 1044 2883 sese
1072 2818 1209 2918 amplius

90 2899 196 2966 lesum
218 2922 347 2964 suorum
369 2899 769 2986 comprehensionesquam
790 2900 962 2987 proditoris
984 2903 1167 2988 suspendro.

221 3077 270 3140 79.
313 3075 409 3138 Rirrai
432 3073 555 3140 Odonis
577 3084 609 3138 et
628 3073 796 3138 Fulconisi
819 3074 859 3139 de
880 3075 1081 3140 Brittannias.

177 3175 245 3240 Nee
271 3175 371 3241 multo
401 3178 494 3262 postk
520 3175 604 3241 bella
633 3175 738 3240 civilia
765 3186 912 3260 reparata
943 3186 1026 3240 sunt.
1079 3177 1209 3240 Etenim

88 3257 251 3342 lincol-1,
275 3261 330 3346 qui
351 3283 464 3344 regum
484 3259 630 3344 partibus
651 3257 793 3340 favebat,
817 3260 993 3324 exercitum
1010 3261 1045 3322 in
1059 3259 1209 3322 Odonem

88 3344 237 3430 parabat,
267 3345 469 3429 quaesiturus
497 3344 538 3407 ab
564 3365 602 3408 ec
629 3343 826 3407 Brittanniae
854 3352 988 3428 partem,
1020 3363 1117 3428 quam
1142 3363 1208 3406 non

88 3427 191 3491 multo
213 3436 286 3492 ante
315 3430 374 3492 eim
401 3426 585 3492 abstulerat.
633 3425 769 3511 Collegit
793 3428 901 3525 itaque
928 3427 1027 3508 4000,
1060 3427 1115 3511 qui
1142 3447 1208 3489 non

88 3513 271 3576 comminus
293 3510 510 3596 confligerent,
532 3533 569 3576 eo
592 3511 680 3608 quod
701 3532 811 3574 eorum
832 3509 1076 3575 v1res0d0nis¹¹
1097 3519 1207 3594 poten·
1273 3508 1276 3519 '

87 3596 176 3659 tiae¹¹
196 3616 263 3658 uon
284 3595 474 3671 sufficerent,
496 3594 554 3658 sed
582 3605 672 3657 erus⁰
698 3605 815 3659 terram
841 3592 997 3658 incendiis
1027 3603 1059 3657 et
1083 3595 1206 3679 rapinis

87 3679 262 3744 afficerent.
306 3679 350 3743 Et
370 3679 503 3743 sandius
525 3677 559 3741 id
573 3677 756 3742 faciendum
771 3677 993 3758 arbitrabatur,
1016 3677 1118 3741 donec
1134 3676 1206 3742 0d0

86 3773 145 3826 aut
179 3762 265 3827 tedio
298 3765 400 3826 victus
432 3762 580 3827 redderet
609 3771 664 3825 aut
690 3782 749 3847 pre
776 3784 815 3825 ea
845 3761 940 3825 aliam
968 3783 1033 3824 non
1061 3762 1207 3848 inparem

87 3845 275 3910 conferrem.
317 3848 457 3932 Preceps
477 3846 586 3931 itaque
606 3845 706 3909 fertur
730 3855 910 3931 terramque
935 3845 1075 3930 predisss,
1096 3867 1207 3909 manu-

145 4043 169 4096 a)
186 4046 302 4096 inprime
320 4047 340 4085 1.
403 4041 428 4095 b)
444 4053 518 4093 enses,
534 4045 543 4082 1
558 4041 647 4095 regi(?),
663 4047 716 4083 ntur
728 4036 786 4083 'abac
863 4042 884 4096 c)
900 4045 973 4084 vincti
993 4046 1101 4095 tepentium
1115 4045 1206 4087 videtur.

84 4103 109 4157 d)
127 4106 156 4145 ab
174 4115 195 4146 a.
213 4115 267 4146 cr.
285 4107 306 4146 1.
366 4101 387 4152 e)
404 4102 539 4150 magestatis
554 4104 617 4160 regiq
633 4103 667 4143 rei
684 4105 704 4142 1.
765 4100 881 4153 Oecorr.
942 4102 965 4154 g)
982 4105 997 4146 i.
1013 4107 1103 4144 tantum
1117 4115 1141 4153 p.
1158 4105 1208 4144 al.

84 4163 109 4215 1)
125 4151 168 4204 vc
182 4176 199 4203 ο.
265 4161 283 4214 t)
301 4174 322 4214 a,
337 4159 472 4214 ancona),
488 4164 528 4200 tan
543 4162 600 4204 ausa.
665 4159 690 4211 k)
706 4164 758 4210 post
773 4164 796 4200 et
812 4164 832 4203 1.
907 4160 925 4214 1)
941 4163 967 4202 r.
983 4174 1000 4203 ο.
1077 4160 1109 4214 m)
1125 4161 1170 4201 1111
1186 4163 1207 4201 1.

84 4220 110 4274 n)
124 4223 243 4272 possead.
304 4219 326 4272 ο)
344 4220 408 4271 021.
468 4217 493 4270 p)
509 4219 553 4259 hoc
567 4223 583 4262 t.
600 4221 620 4261 1.
680 4217 703 4270 q)
720 4220 828 4260 redderet
844 4222 862 4261 1.

162 4352 192 4422 1)
214 4353 311 4406 Comes
330 4351 544 4417 Andegavensis.
