2820 4824
248 376 284 427 80
509 375 661 428 RICHERI
681 374 931 427 HISTORIARUM
949 373 1062 425 LIBER
1081 374 1119 426 11.

191 562 233 603 ⁹⁴8
251 547 347 610 etiam
380 544 491 608 sinodo
524 544 628 627 agitur
660 541 699 606 de
732 543 900 629 episcopis,
934 542 990 628 qui
1020 563 1093 605 cum
1127 544 1212 608 duce
1242 545 1358 608 evocati

250 632 339 693 fuere
368 639 400 693 et
429 625 617 691 distulerunt
644 627 763 708 venire,
792 625 831 690 de
857 626 895 688 iis
924 627 1020 690 etiam
1069 626 1103 689 ui
1132 628 1358 692 consecrationi
1402 592 1404 707 l

251 713 397 798 Hugonis
419 711 562 797 episcopi
584 711 647 774 iam
669 708 809 774 abdicati
830 707 937 774 illicite
966 648 1207 794 interdremnw,
1235 710 1292 776 vel
1313 713 1358 798 qui
1402 756 1404 787 ,

251 795 292 859 ab
314 799 385 882 ipso
407 795 499 881 pulso
521 793 572 858 vel
594 804 666 879 post
694 794 843 859 abdicato
872 803 982 857 contra
1007 793 1055 858 fas
1077 795 1276 860 videbantur
1297 817 1358 881 pro·

139 905 234 948 usuro
251 883 338 944 moti.
382 881 584 944 Damnantur
606 880 748 1025 *itapuei
770 878 832 941 duo
855 877 1120 964 pseudoepiscopi
1142 877 1185 943 ab
1206 879 1358 966 Hugoneb

253 965 396 1046 ordinati,
426 962 599 1028 Tetbaldus
629 963 673 1026 sci
686 964 748 1026 icet
776 971 822 1026 et·
836 962 903 1043 Ivo,
941 984 1076 1048 quorum
1106 964 1197 1048 prior
1225 985 1248 1027 a
1300 964 1358 1029 ulso

253 1059 392 1113 sacratus
415 1058 462 1112 est
483 1047 747 1110 Ambianensium
770 1068 787 1110 e
811 1046 950 1132 iscopus,
972 1045 1051 1111 alter
1064 1069 1140 1111 vero
1156 1046 1199 1111 ab
1216 987 1358 1127 abdicato

253 1131 475 1197 Silletensium.
518 1132 696 1194 Damnatus
711 1139 743 1194 et
756 1069 940 1195 Adelelmus
954 1129 1176 1194 Laudunensis
1192 1131 1359 1197 aecclesiae

253 1216 413 1298 diaconus,
450 1239 470 1280 a
501 1214 637 1278 Rodulfo
670 1236 727 1278 suo
761 1215 934 1300 episcopoc
966 1213 1176 1295 insimulatus,
1212 1237 1251 1279 eo
1284 1215 1359 1301 quod

253 1300 443 1366 Tetbaldum
465 1299 773 1363 excommunicatum
795 1299 829 1361 in
850 1297 1037 1362 aecclesiam
1059 1299 1251 1362 temerarius
1274 1301 1359 1364 intro

253 1384 388 1450 duxerit.
433 1384 478 1447 Hi
500 1383 583 1445 enim
599 1383 632 1444 in
646 1384 803 1446 anteriore
818 1382 929 1446 sinodo
945 1403 1017 1445 curn
1033 1381 1195 1446 ducciam
1212 1385 1359 1466 evocati,

254 1469 434 1533 satisfacere
462 1466 740 1551 contempnebant.
787 1465 927 1529 Vocatur
954 1487 1030 1530 vero
1057 1465 1270 1551 Hildegarius
1299 1466 1359 1532 Bel·

253 1554 438 1617 vacensium
460 1550 630 1635 episcopus
652 1550 760 1614 domni
775 1549 891 1613 Marini
911 1559 943 1614 et
957 1552 1181 1637 cpiscoporum
1198 1549 1360 1635 legatione,

253 1648 289 1701 ut
310 1645 365 1699 aut
386 1633 428 1698 ad
449 1655 503 1697 eos
524 1635 639 1715 veniat,
662 1643 715 1698 aut
734 1633 842 1698 sedem
856 1635 1064 1719 apostolicam
1078 1656 1137 1719 pro
1152 1657 1213 1698 suo
1228 1635 1360 1700 facinore

253 1720 496 1783 ratiocinaturus
525 1727 621 1802 petat,
655 1739 692 1781 eo
725 1717 812 1802 quod
843 1718 1018 1782 interfuerit
1048 1719 1243 1782 ordinationi
1274 1741 1361 1807 supra

255 1805 318 1866 iam
349 1801 506 1866 dictorum
535 1799 892 1887 pseudoepiscoporum.
942 1802 1083 1866 Vocatur
1110 1812 1142 1865 et
1163 1801 1361 1886 Heribertus,

255 1884 417 1950 Heriberti
437 1888 554 1949 tiranni
574 1883 667 1967 filius,
683 1885 730 1968 ,ob
752 1885 837 1949 mala
857 1907 937 1970 quae
959 1885 1120 1950 aecclesiis
1135 1885 1189 1950 vel
1206 1889 1361 1987 episcopis

254 1971 435 2047 immaniter
469 1967 633 2033 inferebat.
688 1969 785 2034 Wido
817 1992 892 2034 vero
928 1971 1149 2034 Suessionicus
1184 1993 1361 2058 episcopus,

254 2076 327 2118 cum
349 2076 368 2117 a
389 2053 533 2140 plurimis
554 2052 755 2134 laceraretur,
783 2076 819 2118 eo
849 2054 935 2139 quod
963 2056 1031 2139 ipse
1052 2053 1283 2120 Heribertume
1305 2078 1322 2119 e
1342 2055 1362 2118 i·

255 2161 385 2225 scopum
416 2147 579 2220 sacrasset,
608 2139 642 2201 in
671 2138 783 2202 sinodo
811 2159 902 2201 reum
931 2160 999 2203 sese
1029 2137 1184 2203 confitens
1216 2149 1248 2203 et
1271 2077 1362 2204 mulla

254 2225 428 2310 penitentia
455 2233 577 2287 reatum
605 2221 784 2308 deplorans,
811 2221 1079 2287 intercedentibus
1108 2222 1197 2308 apud
1220 2223 1362 2288 sinodum

253 2307 386 2373 Artoldo
402 2318 497 2394 atque
512 2306 665 2371 Rotberto
680 2305 939 2390 archiepiscopis,
962 2304 1085 2370 absolvi
1099 2306 1141 2369 ab
1157 2308 1204 2371 eis
1220 2307 1361 2372 obtinuit

255 2393 429 2458 Wicfridus
460 2412 585 2476 quoque
617 2391 807 2454 Morinensis
837 2391 1020 2476 episcopus,
1051 2391 1106 2476 qui
1137 2391 1361 2458 criminabatur

254 2477 443 2557 interfuisse,
464 2475 614 2537 immunis
636 2497 656 2538 a
677 2475 809 2537 crimine
830 2474 995 2559 reperitur.
1038 2474 1139 2538 Affuit
1157 2497 1236 2538 vero
1252 2475 1360 2540 Trans

254 2561 334 2622 mari
354 2559 578 2622 Noviomensis
600 2559 707 2642 episco
733 2559 744 2620 i
765 2557 889 2642 legatus
912 2557 1084 2623 Silvester²
1107 2561 1279 2644 presbiter,
1302 2561 1359 2646 epi·

256 2664 387 2726 scopum
415 2663 509 2704 suum
536 2649 623 2703 tanta
649 2643 683 2704 vi
707 2581 844 2704 lbbrium
873 2641 1035 2707 detentum
1066 2663 1226 2725 asserens,
1260 2653 1296 2708 ut
1326 2640 1361 2706 ad

257 2724 403 2789 sinodum
426 2725 533 2788 venire
555 2725 742 2808 nequiverit,
766 2724 852 2809 quod
882 2727 977 2791 etiam
1004 2727 1037 2790 in
1067 2737 1242 2811 conspectu
1265 2725 1360 2791 sinodi

256 2807 389 2873 testibus
411 2805 610 2892 approbavit.
653 2808 730 2871 Post
751 2806 849 2872 haecl
873 2811 1014 2896 episcopi
1042 2810 1075 2873 in
1097 2830 1156 2874 sua
1177 2809 1360 2876 referuntur.

257 2893 402 2955 Domnus
424 2911 499 2954 vero
520 2889 672 2973 Marinus,
694 2890 735 2954 ab
759 2891 875 2957 Ottone
901 2915 976 2979 rege
1004 2917 1062 2979 per
1082 2891 1204 2979 legatos
1227 2917 1264 2959 ro
1290 2905 1360 2974 atus,

257 2979 291 3040 in
327 2983 433 3060 partes
467 2973 658 3040 Germaniae
688 2975 807 3040 secedit
837 2976 946 3062 ibique
978 2975 1164 3041 aecclesiam
1196 2918 1361 3044 Vuldensis

257 3059 439 3123 monasterii
468 3057 601 3142 dedicat,
633 3068 683 3123 etss
703 3059 808 3124 hieme
829 3071 951 3143 exacta,
974 3061 1109 3125 Romam
1140 3061 1234 3126 redit.
1286 3061 1361 3126 Hish

259 3141 410 3292 expletis,
446 3141 602 3207 Rodulfus
629 3143 851 3209 Laudunensis
881 3147 1048 3231 episcopus
1081 3143 1193 3209 ultimo
1225 3168 1282 3211 cor
1306 3145 1361 3210 oris

258 3228 299 3292 do
313 3249 366 3293 ore
388 3227 557 3310 confectus,
587 3227 659 3291 haci
680 3229 746 3293 vita
775 3228 909 3292 decedit.
953 3227 1103 3293 Succedit
1123 3229 1152 3292 ei
1173 3252 1251 3294 vero
1274 3170 1362 3294 ilater

257 3314 340 3400 regis
363 3336 404 3378 ex
426 3310 605 3376 concubina
626 3313 752 3394 Rorico,
777 3313 863 3376 omni
884 3335 991 3376 rerum
1013 3313 1146 3377 scientia
1166 3311 1307 3381 inclitus.

409 3443 458 3508 83.
491 3442 563 3505 Rex
584 3442 727 3505 cohortes
749 3442 929 3506 Mosomum
950 3442 1046 3506 mittit
1067 3449 1099 3504 et
1119 3441 1216 3526 capit.

339 3545 517 3608 inteream
540 3545 684 3607 exercitu
705 3564 746 3606 ex
768 3544 854 3607 omni
875 3542 1007 3628 Belgica
1022 3544 1102 3607 duce
1118 3541 1269 3608 Conrado
1285 3539 1365 3629 apud

257 3651 365 3714 regem
394 3626 534 3706 collecto,
562 3636 624 3690 tres
648 3625 790 3691 cohortes
819 3628 912 3712 rege¹
938 3627 1067 3692 iubente
1094 3626 1280 3692 Mosomum
1302 3627 1365 3690 mit-

257 3721 375 3775 umtrm
431 3709 639 3794 Compererat
670 3711 786 3774 etenim
823 3711 994 3795 Hugonem
1032 3711 1217 3776 abdicatum
1250 3710 1365 3776 ibidem

258 3794 426 3874 reclusum,
442 3791 603 3877 multaque
617 3794 663 3857 rei
678 3792 822 3860 militaris
838 3796 947 3880 inopia
963 3818 1036 3860 eum
1048 3794 1169 3859 haberi.
1215 3795 1366 3861 cohortes

318 3935 340 3988 a)
357 3937 401 3976 aiio
414 3937 483 3986 perpet
499 3942 618 3977 atramento
635 3943 653 3977 et
668 3939 713 3978 ulia
728 3944 753 3978 at
768 3940 851 3979 videtur
866 3950 933 3979 manu
949 3937 1087 3993 (austorici).
1153 3938 1178 3992 b)
1195 3941 1265 3992 pulso
1280 3942 1318 3981 vei
1332 3939 1366 3979 sb·

260 3997 335 4036 dicato
359 3996 410 4034 odd.
436 3997 456 4034 1.
532 3994 553 4047 c)
575 3998 636 4048 apud
658 3997 765 4038 sinodum
788 3999 838 4039 add.
862 4001 884 4039 1.
958 3997 981 4050 d)
1006 4011 1026 4041 e.
1050 4000 1142 4040 fuerant
1165 4002 1186 4042 1.
1264 3997 1288 4050 el
1310 3999 1337 4038 H.
1351 4008 1367 4036 e.

260 4053 370 4105 illitque
387 4054 420 4094 his
437 4056 506 4103 gestis
524 4057 543 4096 1.
619 4055 641 4108 g)
659 4060 682 4097 st
698 4058 807 4106 posthaec
824 4060 842 4097 1.
916 4054 940 4107 h)
957 4058 1047 4098 Interea
1062 4057 1089 4098 a.
1108 4059 1128 4097 1.
1208 4056 1226 4109 i)
1245 4058 1367 4100 abbaci.

260 4111 283 4164 k)
301 4114 389 4161 Quibus
406 4115 477 4162 gestis
492 4115 607 4155 exercitus
624 4134 650 4146 -
667 4115 757 4164 colligit
773 4118 792 4156 1.
853 4115 870 4167 l)
888 4128 908 4158 s.
926 4127 944 4160 r.
963 4119 981 4158 l.

336 4208 363 4275 1)
383 4207 429 4275 qui
447 4209 609 4262 ordinationi
621 4208 744 4278 Hisponis
758 4209 904 4278 participes
924 4211 1065 4265 astiterunt
1081 4211 1160 4264 Flod.
1219 4213 1251 4282 2)
1269 4214 1368 4266 Nomen

260 4282 523 4409 illidiiullchm'
614 4282 642 4349 3)
672 4285 748 4333 Haec
768 4300 810 4391 ap.
829 4285 1010 4338 Flodoardum
1029 4287 1159 4354 synodum
1179 4286 1369 4355 Trersrensen
