<?xml version="1.0" encoding="UTF-8"?>
<!DOCTYPE html PUBLIC "-//W3C//DTD XHTML 1.0 Transitional//EN"
    "http://www.w3.org/TR/xhtml1/DTD/xhtml1-transitional.dtd">
<html xmlns="http://www.w3.org/1999/xhtml" xml:lang="en" lang="en">
 <head>
  <title>
</title>
<meta http-equiv="Content-Type" content="text/html;charset=utf-8" />
  <meta name='ocr-system' content='tesseract 3.04.00' />
  <meta name='ocr-capabilities' content='ocr_page ocr_carea ocr_par ocr_line ocrx_word'/>
</head>
<body>
  <div class='ocr_page' id='page_1' title='image "./richerihistoria01richgoog_0130.png"; bbox 0 0 2820 4824; ppageno 0'>
   <div class='ocr_carea' id='block_1_1' title="bbox 337 357 1215 411">
    <p class='ocr_par' dir='ltr' id='par_1_1' title="bbox 337 357 1215 411">
     <span class='ocr_line' id='line_1_1' title="bbox 337 357 1215 411; baseline 0.003 -3"><span class='ocrx_word' id='word_1_1' title='bbox 337 357 490 409; x_wconf 82' lang='lat' dir='ltr'><strong>RIOHERI</strong></span> <span class='ocrx_word' id='word_1_2' title='bbox 509 358 763 411; x_wconf 84' lang='lat' dir='ltr'>HISTORIARUM</span> <span class='ocrx_word' id='word_1_3' title='bbox 783 360 894 410; x_wconf 86' lang='lat' dir='ltr'><strong>LIBER</strong></span> <span class='ocrx_word' id='word_1_4' title='bbox 912 359 965 409; x_wconf 93' lang='lat' dir='ltr'><strong>III.</strong></span> <span class='ocrx_word' id='word_1_5' title='bbox 1164 363 1215 411; x_wconf 89' lang='grc'><strong>113</strong></span> 
     </span>
    </p>
   </div>
   <div class='ocr_carea' id='block_1_2' title="bbox 95 523 1276 944">
    <p class='ocr_par' dir='ltr' id='par_1_2' title="bbox 97 523 1276 612">
     <span class='ocr_line' id='line_1_2' title="bbox 97 523 1276 612; baseline 0.001 -20"><span class='ocrx_word' id='word_1_6' title='bbox 97 527 185 592; x_wconf 90' lang='lat' dir='ltr'><strong>tibus</strong></span> <span class='ocrx_word' id='word_1_7' title='bbox 207 525 250 589; x_wconf 87' lang='lat' dir='ltr'><strong>ad</strong></span> <span class='ocrx_word' id='word_1_8' title='bbox 276 525 396 589; x_wconf 87' lang='lat' dir='ltr'><strong>vietum</strong></span> <span class='ocrx_word' id='word_1_9' title='bbox 423 523 628 588; x_wconf 89' lang='lat' dir='ltr'><strong>deferendum</strong></span> <span class='ocrx_word' id='word_1_10' title='bbox 656 524 766 589; x_wconf 89' lang='lat' dir='ltr'><strong>stadiis</strong></span> <span class='ocrx_word' id='word_1_11' title='bbox 791 526 851 589; x_wconf 88' lang='grc'><strong>160</strong></span> <span class='ocrx_word' id='word_1_12' title='bbox 872 527 1130 612; x_wconf 80' lang='lat' dir='ltr'><strong>circumquaque.</strong></span> <span class='ocrx_word' id='word_1_13' title='bbox 1173 527 1217 592; x_wconf 82' lang='lat' dir='ltr'><strong>Et</strong></span> <span class='ocrx_word' id='word_1_14' title='bbox 1226 551 1276 593; x_wconf 84' lang='lat' dir='ltr'><strong>ors.</strong></span> 
     </span>
    </p>

    <p class='ocr_par' dir='ltr' id='par_1_3' title="bbox 95 605 1215 944">
     <span class='ocr_line' id='line_1_3' title="bbox 121 605 1214 707; baseline 0.003 -34"><span class='ocrx_word' id='word_1_15' title='bbox 121 612 176 673; x_wconf 86' lang='lat' dir='ltr'><strong>uia</strong></span> <span class='ocrx_word' id='word_1_16' title='bbox 199 609 348 707; x_wconf 83' lang='lat' dir='ltr'><strong>Sequana</strong></span> <span class='ocrx_word' id='word_1_17' title='bbox 368 605 579 689; x_wconf 89' lang='lat' dir='ltr'><strong>interfluebat,</strong></span> <span class='ocrx_word' id='word_1_18' title='bbox 601 619 711 673; x_wconf 81' lang='lat' dir='ltr'><strong>neuter</strong></span> <span class='ocrx_word' id='word_1_19' title='bbox 732 610 889 674; x_wconf 87' lang='lat' dir='ltr'><strong>exercitus</strong></span> <span class='ocrx_word' id='word_1_20' title='bbox 911 609 952 673; x_wconf 99' lang='grc' dir='ltr'><em>ἃᾶ</em></span> <span class='ocrx_word' id='word_1_21' title='bbox 975 632 1009 674; x_wconf 91' lang='lat' dir='ltr'><strong>se</strong></span> <span class='ocrx_word' id='word_1_22' title='bbox 1031 610 1214 677; x_wconf 86' lang='lat' dir='ltr'><strong>accedebat.</strong></span> 
     </span>
     <span class='ocr_line' id='line_1_4' title="bbox 96 632 1215 778; baseline 0.003 -21"><span class='ocrx_word' id='word_1_23' title='bbox 96 632 179 758; x_wconf 54' lang='lat' dir='ltr'><strong>Gux</strong></span> <span class='ocrx_word' id='word_1_24' title='bbox 206 715 291 757; x_wconf 90' lang='lat' dir='ltr'><strong>emm</strong></span> <span class='ocrx_word' id='word_1_25' title='bbox 320 693 354 755; x_wconf 93' lang='lat' dir='ltr'><strong>in</strong></span> <span class='ocrx_word' id='word_1_26' title='bbox 382 690 480 756; x_wconf 88' lang='lat' dir='ltr'><strong>altera</strong></span> <span class='ocrx_word' id='word_1_27' title='bbox 508 691 598 754; x_wconf 84' lang='lat' dir='ltr'><strong>fluvii</strong></span> <span class='ocrx_word' id='word_1_28' title='bbox 625 703 716 777; x_wconf 85' lang='lat' dir='ltr'><strong>parte</strong></span> <span class='ocrx_word' id='word_1_29' title='bbox 743 691 858 757; x_wconf 88' lang='lat' dir='ltr'>milites</span> <span class='ocrx_word' id='word_1_30' title='bbox 885 691 1071 778; x_wconf 72' lang='lat' dir='ltr'><strong>colligebat,</strong></span> <span class='ocrx_word' id='word_1_31' title='bbox 1100 704 1133 758; x_wconf 89' lang='lat' dir='ltr'><strong>at</strong></span> <span class='ocrx_word' id='word_1_32' title='bbox 1153 697 1215 760; x_wconf 90' lang='lat' dir='ltr'><strong>hoc</strong></span> 
     </span>
     <span class='ocr_line' id='line_1_5' title="bbox 95 775 1214 860; baseline 0 -18"><span class='ocrx_word' id='word_1_33' title='bbox 95 777 240 843; x_wconf 91' lang='lat' dir='ltr'><strong>triduum</strong></span> <span class='ocrx_word' id='word_1_34' title='bbox 262 798 326 839; x_wconf 93' lang='lat' dir='ltr'><strong>non</strong></span> <span class='ocrx_word' id='word_1_35' title='bbox 348 775 526 840; x_wconf 87' lang='lat' dir='ltr'><strong>sufficiebat</strong></span> <span class='ocrx_word' id='word_1_36' title='bbox 546 775 588 838; x_wconf 88' lang='lat' dir='ltr'><strong>ad</strong></span> <span class='ocrx_word' id='word_1_37' title='bbox 609 775 856 860; x_wconf 87' lang='lat' dir='ltr'><strong>colligendorum</strong></span> <span class='ocrx_word' id='word_1_38' title='bbox 887 776 1112 842; x_wconf 88' lang='lat' dir='ltr'><strong>sufficientiam</strong></span> <span class='ocrx_word' id='word_1_39' title='bbox 1134 777 1214 842; x_wconf 90' lang='lat' dir='ltr'><strong>mili-</strong></span> 
     </span>
     <span class='ocr_line' id='line_1_6' title="bbox 96 859 1005 944; baseline -0.004 -18"><span class='ocrx_word' id='word_1_40' title='bbox 96 871 177 944; x_wconf 88' lang='lat' dir='ltr'><strong>tum,</strong></span> <span class='ocrx_word' id='word_1_41' title='bbox 199 882 259 924; x_wconf 89' lang='lat' dir='ltr'><strong>nec</strong></span> <span class='ocrx_word' id='word_1_42' title='bbox 279 860 348 924; x_wconf 88' lang='lat' dir='ltr'><strong>fieri</strong></span> <span class='ocrx_word' id='word_1_43' title='bbox 370 860 475 944; x_wconf 90' lang='lat' dir='ltr'><strong>potuit</strong></span> <span class='ocrx_word' id='word_1_44' title='bbox 496 860 598 943; x_wconf 85' lang='lat' dir='ltr'><strong>copia,</strong></span> <span class='ocrx_word' id='word_1_45' title='bbox 620 859 704 923; x_wconf 92' lang='lat' dir='ltr'><strong>unde</strong></span> <span class='ocrx_word' id='word_1_46' title='bbox 727 860 1005 944; x_wconf 73' lang='lat' dir='ltr'><strong>congrederetur*</strong></span> 
     </span>
    </p>
   </div>
   <div class='ocr_carea' id='block_1_3' title="bbox 420 995 900 1062">
    <p class='ocr_par' dir='ltr' id='par_1_4' title="bbox 420 995 900 1062">
     <span class='ocr_line' id='line_1_7' title="bbox 420 995 900 1062; baseline -0.002 -1"><span class='ocrx_word' id='word_1_47' title='bbox 420 997 469 1062; x_wconf 80' lang='lat'><strong>76.</strong></span> <span class='ocrx_word' id='word_1_48' title='bbox 512 995 735 1060; x_wconf 85' lang='lat' dir='ltr'><strong>Monomachia</strong></span> <span class='ocrx_word' id='word_1_49' title='bbox 756 996 900 1061; x_wconf 92' lang='lat' dir='ltr'><strong>duorum.</strong></span> 
     </span>
    </p>
   </div>
   <div class='ocr_carea' id='block_1_4' title="bbox 93 1097 1334 3357">
    <p class='ocr_par' dir='ltr' id='par_1_5' title="bbox 93 1097 1334 3357">
     <span class='ocr_line' id='line_1_8' title="bbox 184 1097 1216 1183; baseline 0.002 -20"><span class='ocrx_word' id='word_1_50' title='bbox 184 1097 268 1163; x_wconf 85' lang='lat' dir='ltr'><strong>Gum</strong></span> <span class='ocrx_word' id='word_1_51' title='bbox 297 1110 391 1183; x_wconf 79' lang='lat' dir='ltr'><strong>ergoa</strong></span> <span class='ocrx_word' id='word_1_52' title='bbox 418 1109 552 1183; x_wconf 90' lang='lat' dir='ltr'><strong>uterque</strong></span> <span class='ocrx_word' id='word_1_53' title='bbox 582 1099 740 1162; x_wconf 87' lang='lat' dir='ltr'><strong>exercitus</strong></span> <span class='ocrx_word' id='word_1_54' title='bbox 770 1098 866 1163; x_wconf 90' lang='lat' dir='ltr'><strong>dubio</strong></span> <span class='ocrx_word' id='word_1_55' title='bbox 893 1109 974 1162; x_wconf 88' lang='lat' dir='ltr'><strong>esset</strong></span> <span class='ocrx_word' id='word_1_56' title='bbox 1003 1109 1086 1163; x_wconf 88' lang='lat' dir='ltr'><strong>statu</strong></span> <span class='ocrx_word' id='word_1_57' title='bbox 1115 1112 1146 1165; x_wconf 92' lang='lat' dir='ltr'><strong>et</strong></span> <span class='ocrx_word' id='word_1_58' title='bbox 1176 1101 1216 1165; x_wconf 93' lang='lat' dir='ltr'><strong>de</strong></span> 
     </span>
     <span class='ocr_line' id='line_1_9' title="bbox 94 1181 1214 1268; baseline -0.001 -20"><span class='ocrx_word' id='word_1_59' title='bbox 94 1184 235 1249; x_wconf 90' lang='lat' dir='ltr'><strong>victoria</strong></span> <span class='ocrx_word' id='word_1_60' title='bbox 250 1181 437 1246; x_wconf 88' lang='lat' dir='ltr'><strong>altrinsecus</strong></span> <span class='ocrx_word' id='word_1_61' title='bbox 452 1191 519 1245; x_wconf 91' lang='lat' dir='ltr'><strong>tota</strong></span> <span class='ocrx_word' id='word_1_62' title='bbox 533 1192 638 1246; x_wconf 90' lang='lat' dir='ltr'><strong>mente</strong></span> <span class='ocrx_word' id='word_1_63' title='bbox 654 1191 868 1267; x_wconf 80' lang='lat' dir='ltr'><strong>quaereretur,</strong></span> <span class='ocrx_word' id='word_1_64' title='bbox 890 1182 1068 1246; x_wconf 89' lang='lat' dir='ltr'><strong>Germanus</strong></span> <span class='ocrx_word' id='word_1_65' title='bbox 1085 1185 1214 1268; x_wconf 88' lang='lat' dir='ltr'><strong>quidam</strong></span> 
     </span>
     <span class='ocr_line' id='line_1_10' title="bbox 94 1264 1215 1351; baseline 0.001 -21"><span class='ocrx_word' id='word_1_66' title='bbox 94 1268 205 1331; x_wconf 84' lang='lat' dir='ltr'><strong>animo</strong></span> <span class='ocrx_word' id='word_1_67' title='bbox 228 1264 321 1330; x_wconf 87' lang='lat' dir='ltr'><strong>simul</strong></span> <span class='ocrx_word' id='word_1_68' title='bbox 343 1277 374 1330; x_wconf 89' lang='lat' dir='ltr'><strong>et</strong></span> <span class='ocrx_word' id='word_1_69' title='bbox 395 1265 517 1330; x_wconf 88' lang='lat' dir='ltr'><strong>viribus</strong></span> <span class='ocrx_word' id='word_1_70' title='bbox 532 1265 643 1348; x_wconf 88' lang='lat' dir='ltr'><strong>fidens,</strong></span> <span class='ocrx_word' id='word_1_71' title='bbox 666 1265 835 1351; x_wconf 89' lang='lat' dir='ltr'><strong>singularis</strong></span> <span class='ocrx_word' id='word_1_72' title='bbox 851 1266 892 1329; x_wconf 95' lang='lat' dir='ltr'><strong>ad</strong></span> <span class='ocrx_word' id='word_1_73' title='bbox 908 1265 1125 1329; x_wconf 91' lang='lat' dir='ltr'><strong>dimicandum</strong></span> <span class='ocrx_word' id='word_1_74' title='bbox 1141 1289 1215 1331; x_wconf 89' lang='lat' dir='ltr'><strong>cum</strong></span> 
     </span>
     <span class='ocr_line' id='line_1_11' title="bbox 94 1348 1214 1436; baseline -0.001 -22"><span class='ocrx_word' id='word_1_75' title='bbox 94 1353 194 1415; x_wconf 88' lang='lat' dir='ltr'><strong>armis</strong></span> <span class='ocrx_word' id='word_1_76' title='bbox 223 1353 379 1435; x_wconf 87' lang='lat' dir='ltr'><strong>processit</strong></span> <span class='ocrx_word' id='word_1_77' title='bbox 405 1371 536 1434; x_wconf 86' lang='lat' dir='ltr'><strong>seseque</strong></span> <span class='ocrx_word' id='word_1_78' title='bbox 558 1348 599 1412; x_wconf 92' lang='lat' dir='ltr'><strong>ad</strong></span> <span class='ocrx_word' id='word_1_79' title='bbox 621 1357 761 1434; x_wconf 89' lang='lat' dir='ltr'><strong>pontem,</strong></span> <span class='ocrx_word' id='word_1_80' title='bbox 789 1348 845 1412; x_wconf 91' lang='lat' dir='ltr'><strong>ubi</strong></span> <span class='ocrx_word' id='word_1_81' title='bbox 872 1360 982 1434; x_wconf 88' lang='lat' dir='ltr'><strong>portae</strong></span> <span class='ocrx_word' id='word_1_82' title='bbox 1010 1360 1099 1414; x_wconf 90' lang='lat' dir='ltr'><strong>erant</strong></span> <span class='ocrx_word' id='word_1_83' title='bbox 1125 1373 1214 1436; x_wconf 91' lang='lat' dir='ltr'><strong>repa-</strong></span> 
     </span>
     <span class='ocr_line' id='line_1_12' title="bbox 94 1431 1214 1520; baseline 0.001 -24"><span class='ocrx_word' id='word_1_84' title='bbox 94 1432 180 1520; x_wconf 85' lang='lat' dir='ltr'><strong>gulis</strong></span> <span class='ocrx_word' id='word_1_85' title='bbox 202 1443 234 1498; x_wconf 91' lang='lat' dir='ltr'><strong>et</strong></span> <span class='ocrx_word' id='word_1_86' title='bbox 255 1433 353 1497; x_wconf 89' lang='lat' dir='ltr'><strong>clavis</strong></span> <span class='ocrx_word' id='word_1_87' title='bbox 374 1433 484 1498; x_wconf 88' lang='lat' dir='ltr'><strong>ferreis</strong></span> <span class='ocrx_word' id='word_1_88' title='bbox 506 1433 655 1511; x_wconf 82' lang='lat' dir='ltr'><strong>munitae,</strong></span> <span class='ocrx_word' id='word_1_89' title='bbox 678 1455 920 1517; x_wconf 83' lang='lat' dir='ltr'><strong>congressurum</strong></span> <span class='ocrx_word' id='word_1_90' title='bbox 943 1431 1043 1496; x_wconf 90' lang='lat' dir='ltr'><strong>solum</strong></span> <span class='ocrx_word' id='word_1_91' title='bbox 1059 1456 1132 1497; x_wconf 89' lang='lat' dir='ltr'><strong>cum</strong></span> <span class='ocrx_word' id='word_1_92' title='bbox 1147 1433 1214 1498; x_wconf 89' lang='lat' dir='ltr'><strong>solo</strong></span> 
     </span>
     <span class='ocr_line' id='line_1_13' title="bbox 94 1515 1215 1601; baseline 0 -20"><span class='ocrx_word' id='word_1_93' title='bbox 94 1515 221 1582; x_wconf 92' lang='lat' dir='ltr'><strong>obtulit.</strong></span> <span class='ocrx_word' id='word_1_94' title='bbox 264 1517 400 1581; x_wconf 86' lang='lat' dir='ltr'><strong>Hostem</strong></span> <span class='ocrx_word' id='word_1_95' title='bbox 422 1527 458 1580; x_wconf 92' lang='lat' dir='ltr'><strong>ut</strong></span> <span class='ocrx_word' id='word_1_96' title='bbox 478 1518 601 1580; x_wconf 89' lang='lat' dir='ltr'><strong>veniret</strong></span> <span class='ocrx_word' id='word_1_97' title='bbox 623 1515 791 1601; x_wconf 86' lang='lat' dir='ltr'><strong>singularis</strong></span> <span class='ocrx_word' id='word_1_98' title='bbox 815 1539 1043 1601; x_wconf 84' lang='lat' dir='ltr'><strong>saepenumero</strong></span> <span class='ocrx_word' id='word_1_99' title='bbox 1065 1516 1215 1581; x_wconf 84' lang='lat' dir='ltr'><strong>inclama-</strong></span> 
     </span>
     <span class='ocr_line' id='line_1_14' title="bbox 94 1599 1216 1685; baseline -0.002 -20"><span class='ocrx_word' id='word_1_100' title='bbox 94 1603 151 1665; x_wconf 89' lang='lat' dir='ltr'><strong>vit.</strong></span> <span class='ocrx_word' id='word_1_101' title='bbox 193 1601 333 1665; x_wconf 85' lang='lat' dir='ltr'><strong>Etcum</strong></span> <span class='ocrx_word' id='word_1_102' title='bbox 360 1601 425 1663; x_wconf 91' lang='lat' dir='ltr'><strong>iam</strong></span> <span class='ocrx_word' id='word_1_103' title='bbox 452 1601 486 1663; x_wconf 92' lang='lat' dir='ltr'><strong>in</strong></span> <span class='ocrx_word' id='word_1_104' title='bbox 508 1599 672 1664; x_wconf 80' lang='lat' dir='ltr'><strong>Gallorum</strong></span> <span class='ocrx_word' id='word_1_105' title='bbox 702 1609 917 1684; x_wconf 88' lang='lat' dir='ltr'><strong>contemptum</strong></span> <span class='ocrx_word' id='word_1_106' title='bbox 942 1601 1099 1685; x_wconf 87' lang='lat' dir='ltr'><strong>quaedam</strong></span> <span class='ocrx_word' id='word_1_107' title='bbox 1120 1601 1216 1664; x_wconf 92' lang='lat' dir='ltr'><strong>male-</strong></span> 
     </span>
     <span class='ocr_line' id='line_1_15' title="bbox 94 1682 1216 1769; baseline 0 -21"><span class='ocrx_word' id='word_1_108' title='bbox 94 1684 183 1748; x_wconf 86' lang='lat' dir='ltr'><strong>dicta</strong></span> <span class='ocrx_word' id='word_1_109' title='bbox 204 1685 388 1766; x_wconf 86' lang='lat' dir='ltr'><strong>effunderet,</strong></span> <span class='ocrx_word' id='word_1_110' title='bbox 409 1705 469 1748; x_wconf 90' lang='lat' dir='ltr'><strong>nec</strong></span> <span class='ocrx_word' id='word_1_111' title='bbox 490 1682 603 1768; x_wconf 89' lang='lat' dir='ltr'><strong>aliquis</strong></span> <span class='ocrx_word' id='word_1_112' title='bbox 626 1685 655 1748; x_wconf 91' lang='lat' dir='ltr'><strong>ei</strong></span> <span class='ocrx_word' id='word_1_113' title='bbox 669 1684 885 1768; x_wconf 87' lang='lat' dir='ltr'><strong>responderet,</strong></span> <span class='ocrx_word' id='word_1_114' title='bbox 906 1707 964 1769; x_wconf 89' lang='lat' dir='ltr'><strong>per</strong></span> <span class='ocrx_word' id='word_1_115' title='bbox 980 1684 1126 1749; x_wconf 85' lang='lat' dir='ltr'><strong>custodes</strong></span> <span class='ocrx_word' id='word_1_116' title='bbox 1142 1684 1216 1748; x_wconf 88' lang='lat' dir='ltr'><strong>duci</strong></span> 
     </span>
     <span class='ocr_line' id='line_1_16' title="bbox 93 1766 1214 1854; baseline 0.002 -22"><span class='ocrx_word' id='word_1_117' title='bbox 93 1766 231 1854; x_wconf 88' lang='lat' dir='ltr'><strong>aliisque</strong></span> <span class='ocrx_word' id='word_1_118' title='bbox 253 1768 460 1853; x_wconf 88' lang='lat' dir='ltr'><strong>principibus,</strong></span> <span class='ocrx_word' id='word_1_119' title='bbox 490 1769 544 1853; x_wconf 92' lang='lat' dir='ltr'><strong>qui</strong></span> <span class='ocrx_word' id='word_1_120' title='bbox 565 1768 629 1830; x_wconf 89' lang='lat' dir='ltr'><strong>iam</strong></span> <span class='ocrx_word' id='word_1_121' title='bbox 652 1769 748 1852; x_wconf 87' lang='lat' dir='ltr'><strong>pauci</strong></span> <span class='ocrx_word' id='word_1_122' title='bbox 769 1769 971 1848; x_wconf 86' lang='lat' dir='ltr'><strong>advenerant,</strong></span> <span class='ocrx_word' id='word_1_123' title='bbox 1001 1768 1134 1832; x_wconf 90' lang='lat' dir='ltr'><strong>relatum</strong></span> <span class='ocrx_word' id='word_1_124' title='bbox 1157 1779 1214 1850; x_wconf 89' lang='lat' dir='ltr'><strong>est,</strong></span> 
     </span>
     <span class='ocr_line' id='line_1_17' title="bbox 94 1850 1215 1950; baseline 0.001 -36"><span class='ocrx_word' id='word_1_125' title='bbox 94 1850 138 1916; x_wconf 90' lang='lat' dir='ltr'><strong>ad</strong></span> <span class='ocrx_word' id='word_1_126' title='bbox 183 1860 268 1915; x_wconf 90' lang='lat' dir='ltr'><strong>ortas</strong></span> <span class='ocrx_word' id='word_1_127' title='bbox 285 1853 394 1950; x_wconf 90' lang='lat' dir='ltr'><strong>pontis</strong></span> <span class='ocrx_word' id='word_1_128' title='bbox 416 1851 599 1915; x_wconf 90' lang='lat' dir='ltr'><strong>huiusmodi</strong></span> <span class='ocrx_word' id='word_1_129' title='bbox 621 1874 689 1915; x_wconf 88' lang='lat' dir='ltr'><strong>esse</strong></span> <span class='ocrx_word' id='word_1_130' title='bbox 711 1850 881 1933; x_wconf 91' lang='lat' dir='ltr'><strong>hominem,</strong></span> <span class='ocrx_word' id='word_1_131' title='bbox 905 1853 959 1936; x_wconf 91' lang='lat' dir='ltr'><strong>qui</strong></span> <span class='ocrx_word' id='word_1_132' title='bbox 982 1873 1051 1916; x_wconf 91' lang='lat' dir='ltr'><strong>sese</strong></span> <span class='ocrx_word' id='word_1_133' title='bbox 1066 1852 1108 1915; x_wconf 89' lang='lat' dir='ltr'><strong>ad</strong></span> <span class='ocrx_word' id='word_1_134' title='bbox 1123 1852 1215 1915; x_wconf 91' lang='lat' dir='ltr'><strong>dimi-</strong></span> 
     </span>
     <span class='ocr_line' id='line_1_18' title="bbox 94 1874 1215 2022; baseline 0.001 -23"><span class='ocrx_word' id='word_1_135' title='bbox 94 1874 235 1999; x_wconf 74' lang='lat' dir='ltr'><strong>candum</strong></span> <span class='ocrx_word' id='word_1_136' title='bbox 268 1933 468 2020; x_wconf 88' lang='lat' dir='ltr'><strong>smgulariter</strong></span> <span class='ocrx_word' id='word_1_137' title='bbox 499 1933 600 1998; x_wconf 91' lang='lat' dir='ltr'><strong>solum</strong></span> <span class='ocrx_word' id='word_1_138' title='bbox 634 1957 705 1998; x_wconf 91' lang='lat' dir='ltr'><strong>cum</strong></span> <span class='ocrx_word' id='word_1_139' title='bbox 734 1933 800 1998; x_wconf 91' lang='lat' dir='ltr'><strong>solo</strong></span> <span class='ocrx_word' id='word_1_140' title='bbox 827 1945 1034 2019; x_wconf 88' lang='lat' dir='ltr'><strong>proponeret,</strong></span> <span class='ocrx_word' id='word_1_141' title='bbox 1061 1935 1215 2022; x_wconf 87' lang='lat' dir='ltr'><strong>illumque</strong></span> 
     </span>
     <span class='ocr_line' id='line_1_19' title="bbox 93 2017 1214 2118; baseline 0.001 -37"><span class='ocrx_word' id='word_1_142' title='bbox 93 2019 223 2118; x_wconf 76' lang='lat' dir='ltr'><strong>probris</strong></span> <span class='ocrx_word' id='word_1_143' title='bbox 245 2029 276 2084; x_wconf 86' lang='lat' dir='ltr'><strong>et</strong></span> <span class='ocrx_word' id='word_1_144' title='bbox 298 2017 497 2083; x_wconf 89' lang='lat' dir='ltr'><strong>contumeliis</strong></span> <span class='ocrx_word' id='word_1_145' title='bbox 511 2017 682 2082; x_wconf 86' lang='lat' dir='ltr'><strong>verborum</strong></span> <span class='ocrx_word' id='word_1_146' title='bbox 697 2020 858 2103; x_wconf 88' lang='lat' dir='ltr'><strong>principes</strong></span> <span class='ocrx_word' id='word_1_147' title='bbox 872 2017 1029 2100; x_wconf 84' lang='lat' dir='ltr'><strong>lacessire,</strong></span> <span class='ocrx_word' id='word_1_148' title='bbox 1052 2040 1111 2082; x_wconf 87' lang='lat' dir='ltr'><strong>nec</strong></span> <span class='ocrx_word' id='word_1_149' title='bbox 1125 2017 1214 2082; x_wconf 93' lang='lat' dir='ltr'><strong>illum</strong></span> 
     </span>
     <span class='ocr_line' id='line_1_20' title="bbox 94 2100 1215 2185; baseline 0.002 -19"><span class='ocrx_word' id='word_1_150' title='bbox 94 2101 171 2167; x_wconf 88' lang='lat' dir='ltr'><strong>rnde</strong></span> <span class='ocrx_word' id='word_1_151' title='bbox 193 2124 391 2166; x_wconf 90' lang='lat' dir='ltr'><strong>recessurum</strong></span> <span class='ocrx_word' id='word_1_152' title='bbox 414 2125 491 2184; x_wconf 89' lang='lat' dir='ltr'><strong>esse,</strong></span> <span class='ocrx_word' id='word_1_153' title='bbox 514 2103 575 2164; x_wconf 86' lang='lat' dir='ltr'><strong>uisi</strong></span> <span class='ocrx_word' id='word_1_154' title='bbox 597 2112 653 2165; x_wconf 89' lang='lat' dir='ltr'><strong>aut</strong></span> <span class='ocrx_word' id='word_1_155' title='bbox 674 2100 875 2185; x_wconf 82' lang='lat' dir='ltr'><strong>singulariter</strong></span> <span class='ocrx_word' id='word_1_156' title='bbox 896 2102 1130 2185; x_wconf 82' lang='lat' dir='ltr'><strong>congrediatur,</strong></span> <span class='ocrx_word' id='word_1_157' title='bbox 1160 2114 1215 2168; x_wconf 89' lang='lat' dir='ltr'><strong>aut</strong></span> 
     </span>
     <span class='ocr_line' id='line_1_21' title="bbox 94 2184 1214 2272; baseline -0.002 -22"><span class='ocrx_word' id='word_1_158' title='bbox 94 2186 198 2272; x_wconf 86' lang='lat' dir='ltr'><strong>portis</strong></span> <span class='ocrx_word' id='word_1_159' title='bbox 227 2187 336 2251; x_wconf 90' lang='lat' dir='ltr'><strong>incisis</strong></span> <span class='ocrx_word' id='word_1_160' title='bbox 365 2195 449 2251; x_wconf 90' lang='lat' dir='ltr'><strong>totus</strong></span> <span class='ocrx_word' id='word_1_161' title='bbox 472 2186 630 2250; x_wconf 83' lang='lat' dir='ltr'><strong>exercitus</strong></span> <span class='ocrx_word' id='word_1_162' title='bbox 656 2185 889 2248; x_wconf 85' lang='lat' dir='ltr'><strong>intromittatur.</strong></span> <span class='ocrx_word' id='word_1_163' title='bbox 934 2184 1012 2246; x_wconf 89' lang='lat' dir='ltr'><strong>Dux</strong></span> <span class='ocrx_word' id='word_1_164' title='bbox 1034 2206 1107 2247; x_wconf 90' lang='lat' dir='ltr'><strong>oum</strong></span> <span class='ocrx_word' id='word_1_165' title='bbox 1129 2186 1214 2268; x_wconf 90' lang='lat' dir='ltr'><strong>prin-</strong></span> 
     </span>
     <span class='ocr_line' id='line_1_22' title="bbox 95 2267 1214 2356; baseline -0.004 -22"><span class='ocrx_word' id='word_1_166' title='bbox 95 2271 225 2356; x_wconf 91' lang='lat' dir='ltr'><strong>cipibus</strong></span> <span class='ocrx_word' id='word_1_167' title='bbox 253 2270 335 2332; x_wconf 87' lang='lat' dir='ltr'><strong>hauc</strong></span> <span class='ocrx_word' id='word_1_168' title='bbox 363 2268 586 2332; x_wconf 91' lang='lat' dir='ltr'><strong>coutumeliam</strong></span> <span class='ocrx_word' id='word_1_169' title='bbox 607 2291 671 2332; x_wconf 92' lang='lat' dir='ltr'><strong>non</strong></span> <span class='ocrx_word' id='word_1_170' title='bbox 699 2267 812 2349; x_wconf 81' lang='lat' dir='ltr'><strong>ferens,</strong></span> <span class='ocrx_word' id='word_1_171' title='bbox 840 2269 979 2330; x_wconf 84' lang='lat' dir='ltr'><strong>tironesb</strong></span> <span class='ocrx_word' id='word_1_172' title='bbox 1005 2267 1156 2348; x_wconf 84' lang='lat' dir='ltr'><strong>hortatur,</strong></span> <span class='ocrx_word' id='word_1_173' title='bbox 1178 2277 1214 2330; x_wconf 89' lang='lat' dir='ltr'><strong>ut</strong></span> 
     </span>
     <span class='ocr_line' id='line_1_23' title="bbox 93 2351 1212 2438; baseline -0.003 -21"><span class='ocrx_word' id='word_1_174' title='bbox 93 2353 253 2417; x_wconf 82' lang='lat' dir='ltr'><strong>furentem</strong></span> <span class='ocrx_word' id='word_1_175' title='bbox 263 2355 291 2385; x_wconf 87' lang='lat'><strong>**</strong></span> <span class='ocrx_word' id='word_1_176' title='bbox 320 2351 474 2438; x_wconf 89' lang='lat' dir='ltr'><strong>repellant</strong></span> <span class='ocrx_word' id='word_1_177' title='bbox 510 2362 541 2416; x_wconf 93' lang='lat' dir='ltr'><strong>et</strong></span> <span class='ocrx_word' id='word_1_178' title='bbox 567 2374 587 2414; x_wconf 91' lang='lat' dir='ltr'><strong>a</strong></span> <span class='ocrx_word' id='word_1_179' title='bbox 613 2361 701 2415; x_wconf 88' lang='lat' dir='ltr'><strong>tanta</strong></span> <span class='ocrx_word' id='word_1_180' title='bbox 721 2352 897 2434; x_wconf 89' lang='lat' dir='ltr'><strong>ignominia</strong></span> <span class='ocrx_word' id='word_1_181' title='bbox 918 2352 1047 2435; x_wconf 89' lang='lat' dir='ltr'><strong>purgati</strong></span> <span class='ocrx_word' id='word_1_182' title='bbox 1075 2352 1212 2414; x_wconf 89' lang='lat' dir='ltr'><strong>nominis</strong></span> 
     </span>
     <span class='ocr_line' id='line_1_24' title="bbox 95 2515 1334 2617; baseline 0.002 -32"><span class='ocrx_word' id='word_1_183' title='bbox 95 2520 310 2585; x_wconf 88' lang='lat' dir='ltr'><strong>resistendum</strong></span> <span class='ocrx_word' id='word_1_184' title='bbox 324 2525 412 2585; x_wconf 86' lang='lat' dir='ltr'><strong>*sese</strong></span> <span class='ocrx_word' id='word_1_185' title='bbox 428 2518 617 2585; x_wconf 88' lang='lat' dir='ltr'><strong>obtulerunt.</strong></span> <span class='ocrx_word' id='word_1_186' title='bbox 667 2542 723 2604; x_wconf 88' lang='lat' dir='ltr'><strong>rgo</strong></span> <span class='ocrx_word' id='word_1_187' title='bbox 764 2541 781 2581; x_wconf 92' lang='lat' dir='ltr'><strong>e</strong></span> <span class='ocrx_word' id='word_1_188' title='bbox 795 2517 940 2617; x_wconf 90' lang='lat' dir='ltr'><strong>pluribus</strong></span> <span class='ocrx_word' id='word_1_189' title='bbox 956 2539 1037 2580; x_wconf 91' lang='lat' dir='ltr'><strong>unus</strong></span> <span class='ocrx_word' id='word_1_190' title='bbox 1052 2515 1281 2587; x_wconf 79' lang='lat' dir='ltr'><strong>electus***·r01.</strong></span> <span class='ocrx_word' id='word_1_191' title='bbox 1298 2545 1334 2588; x_wconf 82' lang='lat' dir='ltr'><strong>es.</strong></span> 
     </span>
     <span class='ocr_line' id='line_1_25' title="bbox 97 2602 1261 2690; baseline -0.002 -22"><span class='ocrx_word' id='word_1_192' title='bbox 97 2626 327 2688; x_wconf 88' lang='lat' dir='ltr'><strong>congressurus</strong></span> <span class='ocrx_word' id='word_1_193' title='bbox 356 2603 511 2690; x_wconf 88' lang='lat' dir='ltr'><strong>procedit.</strong></span> <span class='ocrx_word' id='word_1_194' title='bbox 553 2605 715 2667; x_wconf 91' lang='lat' dir='ltr'><strong>Premium</strong></span> <span class='ocrx_word' id='word_1_195' title='bbox 743 2603 804 2666; x_wconf 85' lang='lat' dir='ltr'><strong>virr</strong></span> <span class='ocrx_word' id='word_1_196' title='bbox 825 2602 915 2667; x_wconf 86' lang='lat' dir='ltr'><strong>fortis</strong></span> <span class='ocrx_word' id='word_1_197' title='bbox 936 2603 1134 2687; x_wconf 89' lang='lat' dir='ltr'><strong>propositum</strong></span> <span class='ocrx_word' id='word_1_198' title='bbox 1157 2612 1213 2666; x_wconf 89' lang='lat' dir='ltr'><strong>est.</strong></span> <span class='ocrx_word' id='word_1_199' title='bbox 1258 2627 1261 2632; x_wconf 44' lang='lat'><em>¹</em></span> 
     </span>
     <span class='ocr_line' id='line_1_26' title="bbox 96 2685 1215 2772; baseline -0.004 -20"><span class='ocrx_word' id='word_1_200' title='bbox 96 2688 143 2752; x_wconf 87' lang='lat' dir='ltr'><strong>Et</strong></span> <span class='ocrx_word' id='word_1_201' title='bbox 164 2686 281 2751; x_wconf 82' lang='lat' dir='ltr'><strong>ablatis¹</strong></span> <span class='ocrx_word' id='word_1_202' title='bbox 306 2686 477 2772; x_wconf 90' lang='lat' dir='ltr'><strong>repagulis,</strong></span> <span class='ocrx_word' id='word_1_203' title='bbox 508 2697 619 2772; x_wconf 87' lang='lat' dir='ltr'><strong>portae</strong></span> <span class='ocrx_word' id='word_1_204' title='bbox 647 2687 824 2772; x_wconf 86' lang='lat' dir='ltr'><strong>patefactae</strong></span> <span class='ocrx_word' id='word_1_205' title='bbox 852 2694 933 2750; x_wconf 87' lang='lat' dir='ltr'><strong>sunt.</strong></span> <span class='ocrx_word' id='word_1_206' title='bbox 976 2685 1126 2749; x_wconf 89' lang='lat' dir='ltr'><strong>Procedit</strong></span> <span class='ocrx_word' id='word_1_207' title='bbox 1154 2686 1215 2750; x_wconf 90' lang='lat' dir='ltr'><strong>sibi</strong></span> 
     </span>
     <span class='ocr_line' id='line_1_27' title="bbox 97 2768 1215 2856; baseline -0.005 -20"><span class='ocrx_word' id='word_1_208' title='bbox 97 2770 230 2836; x_wconf 81' lang='lat' dir='ltr'><strong>obviarn</strong></span> <span class='ocrx_word' id='word_1_209' title='bbox 258 2772 356 2836; x_wconf 88' lang='lat' dir='ltr'><strong>hostis</strong></span> <span class='ocrx_word' id='word_1_210' title='bbox 382 2782 525 2856; x_wconf 91' lang='lat' dir='ltr'><strong>uterque.</strong></span> <span class='ocrx_word' id='word_1_211' title='bbox 575 2771 638 2851; x_wconf 77' lang='lat' dir='ltr'><strong>Qui</strong></span> <span class='ocrx_word' id='word_1_212' title='bbox 667 2771 798 2836; x_wconf 85' lang='lat' dir='ltr'><strong>obiectis</strong></span> <span class='ocrx_word' id='word_1_213' title='bbox 829 2769 867 2832; x_wconf 88' lang='lat' dir='ltr'><strong>cli</strong></span> <span class='ocrx_word' id='word_1_214' title='bbox 893 2771 937 2833; x_wconf 90' lang='lat' dir='ltr'><strong>eis</strong></span> <span class='ocrx_word' id='word_1_215' title='bbox 966 2769 1100 2854; x_wconf 89' lang='lat' dir='ltr'><strong>telisque</strong></span> <span class='ocrx_word' id='word_1_216' title='bbox 1128 2768 1215 2833; x_wconf 93' lang='lat' dir='ltr'><strong>obni-</strong></span> 
     </span>
     <span class='ocr_line' id='line_1_28' title="bbox 96 2793 1214 2940; baseline -0.003 -21"><span class='ocrx_word' id='word_1_217' title='bbox 96 2864 211 2936; x_wconf 91' lang='lat' dir='ltr'><strong>tentes,</strong></span> <span class='ocrx_word' id='word_1_218' title='bbox 234 2864 338 2919; x_wconf 92' lang='lat' dir='ltr'><strong>meute</strong></span> <span class='ocrx_word' id='word_1_219' title='bbox 360 2854 476 2918; x_wconf 87' lang='lat' dir='ltr'><strong>furiata</strong></span> <span class='ocrx_word' id='word_1_220' title='bbox 497 2876 602 2940; x_wconf 85' lang='lat' dir='ltr'><strong>pauca</strong></span> <span class='ocrx_word' id='word_1_221' title='bbox 623 2854 796 2918; x_wconf 88' lang='lat' dir='ltr'><strong>admodum</strong></span> <span class='ocrx_word' id='word_1_222' title='bbox 835 2793 930 2917; x_wconf 63' lang='lat' dir='ltr'><strong>rolra</strong></span> <span class='ocrx_word' id='word_1_223' title='bbox 944 2853 1005 2917; x_wconf 91' lang='lat' dir='ltr'><strong>sibi</strong></span> <span class='ocrx_word' id='word_1_224' title='bbox 1020 2853 1214 2917; x_wconf 91' lang='lat' dir='ltr'><strong>obiecerunt.</strong></span> 
     </span>
     <span class='ocr_line' id='line_1_29' title="bbox 98 2877 1217 3024; baseline -0.004 -20"><span class='ocrx_word' id='word_1_225' title='bbox 98 2939 280 3004; x_wconf 86' lang='lat' dir='ltr'><strong>Germanus</strong></span> <span class='ocrx_word' id='word_1_226' title='bbox 301 2939 429 3002; x_wconf 84' lang='lat' dir='ltr'><strong>tandem</strong></span> <span class='ocrx_word' id='word_1_227' title='bbox 451 2937 549 3002; x_wconf 90' lang='lat' dir='ltr'><strong>telum</strong></span> <span class='ocrx_word' id='word_1_228' title='bbox 572 2937 736 3020; x_wconf 87' lang='lat' dir='ltr'><strong>iaculatus,</strong></span> <span class='ocrx_word' id='word_1_229' title='bbox 767 2877 851 3002; x_wconf 77' lang='lat' dir='ltr'><strong>Galli</strong></span> <span class='ocrx_word' id='word_1_230' title='bbox 880 2937 1016 3024; x_wconf 92' lang='lat' dir='ltr'><strong>clipeum</strong></span> <span class='ocrx_word' id='word_1_231' title='bbox 1037 2937 1128 3021; x_wconf 86' lang='lat' dir='ltr'><strong>gravi</strong></span> <span class='ocrx_word' id='word_1_232' title='bbox 1151 2937 1217 3000; x_wconf 92' lang='lat' dir='ltr'><strong>ictu</strong></span> 
     </span>
     <span class='ocr_line' id='line_1_30' title="bbox 96 3018 1215 3108; baseline -0.004 -22"><span class='ocrx_word' id='word_1_233' title='bbox 96 3022 272 3108; x_wconf 89' lang='lat' dir='ltr'><strong>pertundit.</strong></span> <span class='ocrx_word' id='word_1_234' title='bbox 316 3021 498 3107; x_wconf 90' lang='lat' dir='ltr'><strong>Gladioque</strong></span> <span class='ocrx_word' id='word_1_235' title='bbox 525 3020 638 3106; x_wconf 88' lang='lat' dir='ltr'><strong>educto</strong></span> <span class='ocrx_word' id='word_1_236' title='bbox 669 3044 742 3085; x_wconf 90' lang='lat' dir='ltr'><strong>cum</strong></span> <span class='ocrx_word' id='word_1_237' title='bbox 770 3043 883 3104; x_wconf 90' lang='lat' dir='ltr'><strong>urgere</strong></span> <span class='ocrx_word' id='word_1_238' title='bbox 911 3022 1051 3100; x_wconf 88' lang='lat' dir='ltr'><strong>instaret,</strong></span> <span class='ocrx_word' id='word_1_239' title='bbox 1080 3041 1100 3082; x_wconf 90' lang='lat' dir='ltr'><strong>a</strong></span> <span class='ocrx_word' id='word_1_240' title='bbox 1122 3018 1215 3084; x_wconf 91' lang='lat' dir='ltr'><strong>Gallo</strong></span> 
     </span>
     <span class='ocr_line' id='line_1_31' title="bbox 97 3102 1215 3191; baseline -0.002 -23"><span class='ocrx_word' id='word_1_241' title='bbox 97 3127 179 3169; x_wconf 83' lang='lat' dir='ltr'><strong>mox</strong></span> <span class='ocrx_word' id='word_1_242' title='bbox 192 3105 254 3170; x_wconf 89' lang='lat' dir='ltr'><strong>telo</strong></span> <span class='ocrx_word' id='word_1_243' title='bbox 271 3105 432 3191; x_wconf 87' lang='lat' dir='ltr'><strong>obliquato</strong></span> <span class='ocrx_word' id='word_1_244' title='bbox 448 3104 611 3168; x_wconf 75' lang='lat' dir='ltr'><strong>confixusc</strong></span> <span class='ocrx_word' id='word_1_245' title='bbox 634 3116 730 3189; x_wconf 89' lang='lat' dir='ltr'><strong>atque</strong></span> <span class='ocrx_word' id='word_1_246' title='bbox 749 3105 837 3168; x_wconf 80' lang='lat' dir='ltr'><strong>vitad</strong></span> <span class='ocrx_word' id='word_1_247' title='bbox 856 3105 1001 3187; x_wconf 88' lang='lat' dir='ltr'><strong>privatus</strong></span> <span class='ocrx_word' id='word_1_248' title='bbox 1016 3111 1072 3167; x_wconf 89' lang='lat' dir='ltr'><strong>est.</strong></span> <span class='ocrx_word' id='word_1_249' title='bbox 1103 3102 1215 3167; x_wconf 80' lang='lat' dir='ltr'><strong>Gallus</strong></span> 
     </span>
     <span class='ocr_line' id='line_1_32' title="bbox 97 3187 1216 3274; baseline -0.004 -21"><span class='ocrx_word' id='word_1_250' title='bbox 97 3191 237 3253; x_wconf 86' lang='lat' dir='ltr'><strong>victoria</strong></span> <span class='ocrx_word' id='word_1_251' title='bbox 263 3191 391 3274; x_wconf 90' lang='lat' dir='ltr'><strong>potitus,</strong></span> <span class='ocrx_word' id='word_1_252' title='bbox 420 3189 461 3252; x_wconf 90' lang='lat' dir='ltr'><strong>ab</strong></span> <span class='ocrx_word' id='word_1_253' title='bbox 483 3189 572 3251; x_wconf 89' lang='lat' dir='ltr'><strong>hoste</strong></span> <span class='ocrx_word' id='word_1_254' title='bbox 598 3197 690 3272; x_wconf 86' lang='lat' dir='ltr'><strong>rapta</strong></span> <span class='ocrx_word' id='word_1_255' title='bbox 711 3208 800 3250; x_wconf 89' lang='lat' dir='ltr'><strong>arma</strong></span> <span class='ocrx_word' id='word_1_256' title='bbox 820 3188 996 3270; x_wconf 82' lang='lat' dir='ltr'><strong>asportavit</strong></span> <span class='ocrx_word' id='word_1_257' title='bbox 1023 3196 1118 3270; x_wconf 89' lang='lat' dir='ltr'><strong>atque</strong></span> <span class='ocrx_word' id='word_1_258' title='bbox 1140 3187 1216 3250; x_wconf 89' lang='lat' dir='ltr'><strong>duci</strong></span> 
     </span>
     <span class='ocr_line' id='line_1_33' title="bbox 97 3270 1208 3357; baseline -0.007 -19"><span class='ocrx_word' id='word_1_259' title='bbox 97 3272 224 3338; x_wconf 92' lang='lat' dir='ltr'><strong>obtulit.</strong></span> <span class='ocrx_word' id='word_1_260' title='bbox 268 3273 327 3336; x_wconf 90' lang='lat' dir='ltr'><strong>Vir</strong></span> <span class='ocrx_word' id='word_1_261' title='bbox 348 3273 436 3336; x_wconf 83' lang='lat' dir='ltr'><strong>fortis</strong></span> <span class='ocrx_word' id='word_1_262' title='bbox 458 3273 616 3357; x_wconf 88' lang='lat' dir='ltr'><strong>premium</strong></span> <span class='ocrx_word' id='word_1_263' title='bbox 637 3271 730 3355; x_wconf 88' lang='lat' dir='ltr'><strong>petiit</strong></span> <span class='ocrx_word' id='word_1_264' title='bbox 751 3279 782 3333; x_wconf 88' lang='lat' dir='ltr'><strong>et</strong></span> <span class='ocrx_word' id='word_1_265' title='bbox 803 3270 936 3353; x_wconf 88' lang='lat' dir='ltr'><strong>accepit.</strong></span> <span class='ocrx_word' id='word_1_266' title='bbox 1207 3271 1208 3274; x_wconf 71' lang='grc'>’</span> 
     </span>
    </p>
   </div>
   <div class='ocr_carea' id='block_1_5' title="bbox 95 2433 1213 2582">
    <p class='ocr_par' dir='ltr' id='par_1_6' title="bbox 95 2433 1213 2582">
     <span class='ocr_line' id='line_1_34' title="bbox 95 2433 1213 2582; baseline -0.002 -82"><span class='ocrx_word' id='word_1_267' title='bbox 95 2436 232 2523; x_wconf 84' lang='lat' dir='ltr'><strong>gloriam</strong></span> <span class='ocrx_word' id='word_1_268' title='bbox 254 2435 316 2500; x_wconf 89' lang='lat' dir='ltr'><strong>sibi</strong></span> <span class='ocrx_word' id='word_1_269' title='bbox 338 2438 494 2501; x_wconf 88' lang='lat' dir='ltr'><strong>affectent.</strong></span> <span class='ocrx_word' id='word_1_270' title='bbox 530 2436 609 2499; x_wconf 88' lang='lat' dir='ltr'><strong>Mox</strong></span> <span class='ocrx_word' id='word_1_271' title='bbox 632 2457 727 2582; x_wconf 65' lang='lat' dir='ltr'><strong>qparn</strong></span> <span class='ocrx_word' id='word_1_272' title='bbox 741 2433 856 2582; x_wconf 63' lang='lat' dir='ltr'><strong>plures</strong></span> <span class='ocrx_word' id='word_1_273' title='bbox 878 2436 984 2498; x_wconf 90' lang='lat' dir='ltr'><strong>animo</strong></span> <span class='ocrx_word' id='word_1_274' title='bbox 1004 2434 1150 2497; x_wconf 89' lang='lat' dir='ltr'><strong>ardentes</strong></span> <span class='ocrx_word' id='word_1_275' title='bbox 1172 2435 1213 2498; x_wconf 88' lang='lat' dir='ltr'><strong>ad</strong></span> 
     </span>
    </p>
   </div>
   <div class='ocr_carea' id='block_1_6' title="bbox 165 3403 1141 3492">
    <p class='ocr_par' dir='ltr' id='par_1_7' title="bbox 165 3403 1141 3492">
     <span class='ocr_line' id='line_1_35' title="bbox 165 3403 1141 3492; baseline -0.006 -20"><span class='ocrx_word' id='word_1_276' title='bbox 165 3410 215 3474; x_wconf 82' lang='lat'><strong>77.</strong></span> <span class='ocrx_word' id='word_1_277' title='bbox 260 3410 386 3474; x_wconf 87' lang='lat' dir='ltr'><strong>Ottonis</strong></span> <span class='ocrx_word' id='word_1_278' title='bbox 408 3431 427 3472; x_wconf 94' lang='lat' dir='ltr'><strong>a</strong></span> <span class='ocrx_word' id='word_1_279' title='bbox 450 3407 571 3473; x_wconf 77' lang='lat' dir='ltr'><strong>Galliae</strong></span> <span class='ocrx_word' id='word_1_280' title='bbox 594 3407 775 3492; x_wconf 77' lang='lat' dir='ltr'><strong>digressus⁰</strong></span> <span class='ocrx_word' id='word_1_281' title='bbox 798 3417 1012 3492; x_wconf 79' lang='lat' dir='ltr'><strong>suorumquee</strong></span> <span class='ocrx_word' id='word_1_282' title='bbox 1034 3403 1111 3489; x_wconf 86' lang='lat' dir='ltr'><strong>fuga</strong></span> <span class='ocrx_word' id='word_1_283' title='bbox 1119 3417 1141 3465; x_wconf 67' lang='grc' dir='ltr'><strong>θ.</strong></span> 
     </span>
    </p>
   </div>
   <div class='ocr_carea' id='block_1_7' title="bbox 97 3507 1218 3680">
    <p class='ocr_par' dir='ltr' id='par_1_8' title="bbox 97 3507 1218 3680">
     <span class='ocr_line' id='line_1_36' title="bbox 188 3507 1217 3592; baseline -0.008 -16"><span class='ocrx_word' id='word_1_284' title='bbox 188 3511 264 3576; x_wconf 91' lang='lat' dir='ltr'><strong>Otto</strong></span> <span class='ocrx_word' id='word_1_285' title='bbox 292 3509 457 3575; x_wconf 81' lang='lat' dir='ltr'><strong>Gallorum</strong></span> <span class='ocrx_word' id='word_1_286' title='bbox 483 3511 661 3576; x_wconf 87' lang='lat' dir='ltr'><strong>exercitum</strong></span> <span class='ocrx_word' id='word_1_287' title='bbox 687 3509 804 3573; x_wconf 90' lang='lat' dir='ltr'><strong>sensim</strong></span> <span class='ocrx_word' id='word_1_288' title='bbox 834 3507 939 3592; x_wconf 89' lang='lat' dir='ltr'><strong>colligi</strong></span> <span class='ocrx_word' id='word_1_289' title='bbox 968 3529 1033 3570; x_wconf 92' lang='lat' dir='ltr'><strong>non</strong></span> <span class='ocrx_word' id='word_1_290' title='bbox 1057 3507 1217 3590; x_wconf 87' lang='lat' dir='ltr'><strong>ignorans,</strong></span> 
     </span>
     <span class='ocr_line' id='line_1_37' title="bbox 97 3592 1218 3680; baseline -0.008 -19"><span class='ocrx_word' id='word_1_291' title='bbox 97 3618 196 3661; x_wconf 87' lang='lat' dir='ltr'><strong>suum</strong></span> <span class='ocrx_word' id='word_1_292' title='bbox 220 3597 315 3660; x_wconf 89' lang='lat' dir='ltr'><strong>etiam</strong></span> <span class='ocrx_word' id='word_1_293' title='bbox 337 3603 402 3658; x_wconf 92' lang='lat' dir='ltr'><strong>tam</strong></span> <span class='ocrx_word' id='word_1_294' title='bbox 423 3593 518 3679; x_wconf 91' lang='lat' dir='ltr'><strong>longo</strong></span> <span class='ocrx_word' id='word_1_295' title='bbox 540 3596 652 3658; x_wconf 91' lang='lat' dir='ltr'><strong>itinere</strong></span> <span class='ocrx_word' id='word_1_296' title='bbox 674 3615 770 3680; x_wconf 91' lang='lat' dir='ltr'><strong>quam</strong></span> <span class='ocrx_word' id='word_1_297' title='bbox 796 3593 935 3656; x_wconf 90' lang='lat' dir='ltr'><strong>hostium</strong></span> <span class='ocrx_word' id='word_1_298' title='bbox 964 3592 1094 3654; x_wconf 85' lang='lat' dir='ltr'><strong>incursu</strong></span> <span class='ocrx_word' id='word_1_299' title='bbox 1123 3609 1218 3674; x_wconf 89' lang='lat' dir='ltr'><strong>posse</strong></span> 
     </span>
    </p>
   </div>
   <div class='ocr_carea' id='block_1_8' title="bbox 168 3778 1220 4068">
    <p class='ocr_par' dir='ltr' id='par_1_9' title="bbox 176 3778 1219 3919">
     <span class='ocr_line' id='line_1_38' title="bbox 176 3778 1219 3849; baseline -0.005 -16"><span class='ocrx_word' id='word_1_300' title='bbox 176 3780 201 3849; x_wconf 77' lang='lat'><strong>*)</strong></span> <span class='ocrx_word' id='word_1_301' title='bbox 219 3784 277 3833; x_wconf 84' lang='lat' dir='ltr'><strong>Nee</strong></span> <span class='ocrx_word' id='word_1_302' title='bbox 296 3782 530 3849; x_wconf 87' lang='lat' dir='ltr'><strong>pretermittendus</strong></span> <span class='ocrx_word' id='word_1_303' title='bbox 555 3784 661 3834; x_wconf 86' lang='lat' dir='ltr'><strong>videtur</strong></span> <span class='ocrx_word' id='word_1_304' title='bbox 687 3798 846 3848; x_wconf 83' lang='lat' dir='ltr'><strong>congressus</strong></span> <span class='ocrx_word' id='word_1_305' title='bbox 872 3781 991 3843; x_wconf 90' lang='lat' dir='ltr'><strong>duorum,</strong></span> <span class='ocrx_word' id='word_1_306' title='bbox 1018 3795 1129 3845; x_wconf 89' lang='lat' dir='ltr'><strong>quorum</strong></span> <span class='ocrx_word' id='word_1_307' title='bbox 1149 3778 1219 3829; x_wconf 84' lang='lat' dir='ltr'><strong>alter</strong></span> 
     </span>
     <span class='ocr_line' id='line_1_39' title="bbox 225 3855 870 3919; baseline -0.005 -12"><span class='ocrx_word' id='word_1_308' title='bbox 225 3857 381 3919; x_wconf 83' lang='lat' dir='ltr'><strong>Germanus,</strong></span> <span class='ocrx_word' id='word_1_309' title='bbox 400 3856 468 3906; x_wconf 84' lang='lat' dir='ltr'><strong>alter</strong></span> <span class='ocrx_word' id='word_1_310' title='bbox 486 3872 549 3906; x_wconf 88' lang='lat' dir='ltr'><strong>vero</strong></span> <span class='ocrx_word' id='word_1_311' title='bbox 570 3855 662 3907; x_wconf 86' lang='lat' dir='ltr'><strong>Gallus</strong></span> <span class='ocrx_word' id='word_1_312' title='bbox 681 3855 738 3906; x_wconf 85' lang='lat' dir='ltr'><strong>fuit.</strong></span> <span class='ocrx_word' id='word_1_313' title='bbox 761 3856 824 3907; x_wconf 83' lang='lat' dir='ltr'><strong>add.</strong></span> <span class='ocrx_word' id='word_1_314' title='bbox 847 3856 870 3904; x_wconf 93' lang='lat'><strong>1.</strong></span> 
     </span>
    </p>

    <p class='ocr_par' dir='ltr' id='par_1_10' title="bbox 168 3923 1220 4068">
     <span class='ocr_line' id='line_1_40' title="bbox 168 3923 1219 3995; baseline -0.005 -16"><span class='ocrx_word' id='word_1_315' title='bbox 168 3926 204 3995; x_wconf 77' lang='lat'><strong>**)</strong></span> <span class='ocrx_word' id='word_1_316' title='bbox 224 3934 253 3979; x_wconf 92' lang='lat' dir='ltr'><strong>ut</strong></span> <span class='ocrx_word' id='word_1_317' title='bbox 279 3944 372 3978; x_wconf 85' lang='lat' dir='ltr'><strong>canem</strong></span> <span class='ocrx_word' id='word_1_318' title='bbox 395 3929 536 3980; x_wconf 84' lang='lat' dir='ltr'><strong>latrantem</strong></span> <span class='ocrx_word' id='word_1_319' title='bbox 563 3928 694 3994; x_wconf 86' lang='lat' dir='ltr'><strong>repellant</strong></span> <span class='ocrx_word' id='word_1_320' title='bbox 713 3935 740 3979; x_wconf 89' lang='lat' dir='ltr'><strong>et</strong></span> <span class='ocrx_word' id='word_1_321' title='bbox 759 3944 775 3978; x_wconf 82' lang='lat' dir='ltr'><strong>a</strong></span> <span class='ocrx_word' id='word_1_322' title='bbox 794 3934 867 3979; x_wconf 82' lang='lat' dir='ltr'><strong>tanta</strong></span> <span class='ocrx_word' id='word_1_323' title='bbox 889 3928 1034 3990; x_wconf 85' lang='lat' dir='ltr'><strong>ignominia</strong></span> <span class='ocrx_word' id='word_1_324' title='bbox 1060 3942 1112 3976; x_wconf 89' lang='lat' dir='ltr'><strong>non</strong></span> <span class='ocrx_word' id='word_1_325' title='bbox 1133 3923 1219 3976; x_wconf 89' lang='lat' dir='ltr'><strong>solum</strong></span> 
     </span>
     <span class='ocr_line' id='line_1_41' title="bbox 224 3997 1220 4068; baseline -0.004 -17"><span class='ocrx_word' id='word_1_326' title='bbox 224 4017 291 4068; x_wconf 87' lang='lat' dir='ltr'><strong>sese,</strong></span> <span class='ocrx_word' id='word_1_327' title='bbox 312 4002 359 4051; x_wconf 83' lang='lat' dir='ltr'><strong>sed</strong></span> <span class='ocrx_word' id='word_1_328' title='bbox 380 4007 406 4052; x_wconf 86' lang='lat' dir='ltr'><strong>et</strong></span> <span class='ocrx_word' id='word_1_329' title='bbox 424 4007 507 4052; x_wconf 86' lang='lat' dir='ltr'><strong>totam</strong></span> <span class='ocrx_word' id='word_1_330' title='bbox 527 4007 634 4066; x_wconf 86' lang='lat' dir='ltr'><strong>gentem</strong></span> <span class='ocrx_word' id='word_1_331' title='bbox 653 4017 727 4052; x_wconf 84' lang='lat' dir='ltr'><strong>suam</strong></span> <span class='ocrx_word' id='word_1_332' title='bbox 747 4001 891 4052; x_wconf 89' lang='lat' dir='ltr'><strong>emundent</strong></span> <span class='ocrx_word' id='word_1_333' title='bbox 910 4016 942 4048; x_wconf 89' lang='lat' dir='ltr'><strong>ac</strong></span> <span class='ocrx_word' id='word_1_334' title='bbox 961 4015 1008 4065; x_wconf 88' lang='lat' dir='ltr'><strong>per</strong></span> <span class='ocrx_word' id='word_1_335' title='bbox 1027 3997 1131 4048; x_wconf 83' lang='lat' dir='ltr'><strong>infinite</strong></span> <span class='ocrx_word' id='word_1_336' title='bbox 1153 4005 1220 4048; x_wconf 89' lang='lat' dir='ltr'><strong>tem·</strong></span> 
     </span>
    </p>
   </div>
   <div class='ocr_carea' id='block_1_9' title="bbox 152 4075 439 4213">
    <p class='ocr_par' dir='ltr' id='par_1_11' title="bbox 152 4075 439 4213">
     <span class='ocr_line' id='line_1_42' title="bbox 225 4075 439 4139; baseline 0.005 -16"><span class='ocrx_word' id='word_1_337' title='bbox 225 4090 290 4139; x_wconf 81' lang='lat' dir='ltr'><strong>pora</strong></span> <span class='ocrx_word' id='word_1_338' title='bbox 309 4090 335 4123; x_wconf 93' lang='lat' dir='ltr'><strong>n.</strong></span> <span class='ocrx_word' id='word_1_339' title='bbox 355 4075 392 4139; x_wconf 85' lang='lat' dir='ltr'><strong>gl.</strong></span> <span class='ocrx_word' id='word_1_340' title='bbox 415 4075 439 4124; x_wconf 89' lang='lat'><strong>1.</strong></span> 
     </span>
     <span class='ocr_line' id='line_1_43' title="bbox 152 4144 408 4213; baseline 0.004 -18"><span class='ocrx_word' id='word_1_341' title='bbox 152 4144 286 4213; x_wconf 78' lang='lat' dir='ltr'><strong>***)1vo</strong></span> <span class='ocrx_word' id='word_1_342' title='bbox 307 4147 363 4197; x_wconf 84' lang='lat' dir='ltr'><strong>add</strong></span> <span class='ocrx_word' id='word_1_343' title='bbox 384 4148 408 4196; x_wconf 91' lang='lat'><strong>1.</strong></span> 
     </span>
    </p>
   </div>
   <div class='ocr_carea' id='block_1_10' title="bbox 101 4285 1221 4404">
    <p class='ocr_par' dir='ltr' id='par_1_12' title="bbox 101 4285 1221 4404">
     <span class='ocr_line' id='line_1_44' title="bbox 164 4285 1221 4344; baseline -0.01 -11"><span class='ocrx_word' id='word_1_344' title='bbox 164 4290 187 4344; x_wconf 77' lang='lat' dir='ltr'><strong>a)</strong></span> <span class='ocrx_word' id='word_1_345' title='bbox 200 4296 251 4342; x_wconf 77' lang='lat' dir='ltr'><strong>port</strong></span> <span class='ocrx_word' id='word_1_346' title='bbox 267 4292 315 4331; x_wconf 77' lang='lat' dir='ltr'><strong>add.</strong></span> <span class='ocrx_word' id='word_1_347' title='bbox 375 4289 399 4343; x_wconf 89' lang='lat' dir='ltr'><strong>b)</strong></span> <span class='ocrx_word' id='word_1_348' title='bbox 416 4292 500 4332; x_wconf 83' lang='lat' dir='ltr'><strong>milltes</strong></span> <span class='ocrx_word' id='word_1_349' title='bbox 515 4303 620 4341; x_wconf 80' lang='lat' dir='ltr'><strong>superscr.</strong></span> <span class='ocrx_word' id='word_1_350' title='bbox 636 4292 674 4332; x_wconf 86' lang='lat' dir='ltr'><strong>vol</strong></span> <span class='ocrx_word' id='word_1_351' title='bbox 689 4291 774 4332; x_wconf 84' lang='lat' dir='ltr'><strong>tirones</strong></span> <span class='ocrx_word' id='word_1_352' title='bbox 790 4303 807 4334; x_wconf 82' lang='lat' dir='ltr'><strong>c.</strong></span> <span class='ocrx_word' id='word_1_353' title='bbox 869 4289 890 4341; x_wconf 88' lang='lat' dir='ltr'><strong>c)</strong></span> <span class='ocrx_word' id='word_1_354' title='bbox 907 4301 926 4330; x_wconf 86' lang='lat' dir='ltr'><strong>c.</strong></span> <span class='ocrx_word' id='word_1_355' title='bbox 942 4292 976 4329; x_wconf 84' lang='lat' dir='ltr'><strong>est</strong></span> <span class='ocrx_word' id='word_1_356' title='bbox 992 4291 1012 4328; x_wconf 88' lang='lat'><strong>1.</strong></span> <span class='ocrx_word' id='word_1_357' title='bbox 1074 4285 1097 4338; x_wconf 87' lang='lat' dir='ltr'><strong>d)</strong></span> <span class='ocrx_word' id='word_1_358' title='bbox 1114 4286 1183 4326; x_wconf 77' lang='lat' dir='ltr'><strong>ermis</strong></span> <span class='ocrx_word' id='word_1_359' title='bbox 1201 4285 1221 4322; x_wconf 90' lang='lat'><strong>1.</strong></span> 
     </span>
     <span class='ocr_line' id='line_1_45' title="bbox 101 4350 1028 4404; baseline -0.009 -11"><span class='ocrx_word' id='word_1_360' title='bbox 101 4350 125 4404; x_wconf 80' lang='lat' dir='ltr'><strong>e)</strong></span> <span class='ocrx_word' id='word_1_361' title='bbox 141 4353 192 4403; x_wconf 82' lang='lat' dir='ltr'><strong>Ilia,</strong></span> <span class='ocrx_word' id='word_1_362' title='bbox 208 4361 235 4391; x_wconf 91' lang='lat' dir='ltr'><strong>us</strong></span> <span class='ocrx_word' id='word_1_363' title='bbox 252 4362 285 4403; x_wconf 85' lang='lat' dir='ltr'><strong>su,</strong></span> <span class='ocrx_word' id='word_1_364' title='bbox 302 4361 331 4400; x_wconf 75' lang='lat' dir='ltr'><strong>ga</strong></span> <span class='ocrx_word' id='word_1_365' title='bbox 346 4351 401 4390; x_wconf 73' lang='lat' dir='ltr'><strong>abac.</strong></span> <span class='ocrx_word' id='word_1_366' title='bbox 1025 4389 1028 4393; x_wconf 57' lang='grc'>,</span> 
     </span>
    </p>
   </div>
   <div class='ocr_carea' id='block_1_11' title="bbox 0 0 1417 4824">
    <p class='ocr_par' dir='ltr' id='par_1_13' title="bbox 0 0 1417 4824">
     <span class='ocr_line' id='line_1_46' title="bbox 0 0 1417 4824; baseline 0 0"><span class='ocrx_word' id='word_1_367' title='bbox 0 0 1417 4824; x_wconf 95' lang='lat' dir='ltr'><strong> </strong></span> 
     </span>
    </p>
   </div>
  </div>
 </body>
</html>
