2820 4824
290 366 443 418 RIOHERI
462 365 714 418 HISTORIARUM
734 367 846 417 LIBER
864 366 901 420 II.
1115 369 1149 418 4⁷

26 537 178 602 Tandem
200 557 278 599 vero
300 533 402 598 multa
423 534 661 618 expugnatione
682 533 825 597 attritum
840 531 1019 617 ingreditur
1035 543 1208 597 totum-seo.

49 643 92 685 ue
115 618 273 706 pervadit.
302 616 428 682 Arnulfi
449 616 565 681 milites
588 639 697 681 omnes
721 615 972 702 comprehcndit.
1002 617 1148 697 Quorum

27 645 111 770 dlios
134 702 241 789 gladio
264 709 383 784 enecat,
406 699 484 764 alios
506 702 601 765 uxori
615 701 762 787 natisque
777 701 957 786 repetendis
973 711 1147 765 conservat.

139 861 188 925 15.
223 858 443 943 Congressus³
464 857 589 922 Erluini
612 869 706 922 cuma
732 857 885 925 militibus
908 855 1043 921 Amulii.

114 977 269 1044 Amulfus
302 989 391 1044 tanta
422 999 552 1043 suorum
590 978 768 1044 calamitate
805 977 976 1059 confectus,
1013 975 1147 1042 militesb

32 1064 153 1150 colligit
182 1085 300 1149 eosque
328 1063 361 1125 in
387 1060 557 1126 Erluinum
587 1064 693 1144 mittit,
723 1063 778 1148 qui
806 1062 874 1125 eius
902 1073 1018 1126 terram
1047 1083 1147 1146 usque

31 1151 71 1215 ad
101 1147 259 1235 oppidum
292 1144 537 1232 depopulentur.
588 1147 794 1231 Dircctique,
827 1146 982 1210 incendiis
1016 1146 1147 1208 circum-

53 1255 161 1318 uaque
176 1253 214 1296 ac
228 1231 349 1329 rapinis
364 1229 538 1294 admodum
554 1230 731 1312 deseviunt,
751 1229 912 1315 multaque
926 1252 1034 1293 rerum
1048 1228 1148 1314 preda

31 1257 180 1397 {abducta
203 1313 406 1396 festmabant,
437 1335 511 1378 cum
539 1312 634 1398 legati
663 1314 703 1379 ab
733 1312 865 1377 Erluino
893 1313 1061 1394 affuerunt,
1092 1312 1147 1397 qui
1223 1356 1225 1361 ·

31 1401 219 1481 indicarent,
250 1398 346 1498 quod,
378 1398 441 1462 nisi
468 1407 567 1463 totam
619 1398 727 1462 rodam
756 1398 823 1461 sine
852 1419 942 1461 mora
969 1396 1148 1477 redderent,

32 1487 102 1550 sine
123 1503 214 1548 mora
234 1505 280 1547 ers
302 1504 372 1547 esse
394 1421 675 1566 congrediendum.
712 1481 830 1546 Hostes
852 1480 1043 1566 legationem
1063 1502 1148 1565 sper-

32 1577 157 1648 nentes,
179 1574 273 1652 eapta
293 1565 453 1632 abducere
482 1564 711 1632 accelerabant.
761 1565 876 1650 Legati
903 1565 1049 1650 regressi,
1079 1584 1148 1628 sese

33 1653 177 1718 abiectos
197 1649 344 1716 referunt
381 1648 552 1715 *Erluinus
575 1671 648 1714 cum
671 1649 910 1735 quadringentis
932 1657 1274 1713 armatorum0·f01.1r.

33 1757 114 1800 mox
134 1734 288 1820 processit
308 1754 347 1798 ac
374 1732 598 1799 festinantibus
628 1734 820 1818 supervenit.
871 1732 922 1797 illi
943 1755 1019 1798 vero
1048 1732 1148 1878 plreda

32 1819 145 1885 relicta
166 1818 320 1900 conversi,
342 1816 537 1882 irruentibus
561 1818 780 1882 obvertuntur.
824 1818 932 1901 Signis
956 1840 996 1882 ue
1018 1838 1053 1880 co
1078 1817 1147 1898 atie,

32 1904 148 1968 acriter
176 1902 363 1982 dimicatum
393 1910 449 1965 est.
499 1900 662 1965 Predones
688 1902 753 1966 fere
783 1922 891 1965 omnes
920 1839 1026 1986 gladio
1055 1921 1147 1964 occu-

31 1987 149 2068 buere,
185 1995 292 2071 preter
324 1984 382 2049 hos
406 1984 492 2071 'quos
519 1984 598 2070 fuga
626 1983 699 2050 belli
728 1984 897 2049 violentiae
926 1985 1053 2050 exemit.
1103 1984 1147 2047 Et

31 2080 140 2135 tamen
160 2069 195 2151 ii,
217 2091 292 2133 cum
313 2069 390 2154 liuga
411 2090 466 2133 eos
488 2071 676 2154 exagitaret,
705 2070 746 2134 ab
768 2068 900 2133 Erluino
931 2070 1026 2155 postd
1047 2069 1147 2132 insec-

31 2163 119 2219 tante
141 2153 291 2218 atrociter
311 2152 374 2217 fusi
394 2163 477 2217 sunt.
528 2151 680 2217 Erluinus
708 2151 815 2238 predis
843 2155 981 2239 receptis
1009 2173 1081 2216 cum
1103 2152 1148 2214 in·

33 2237 184 2324 gentibus
205 2237 347 2301 hostium
368 2236 527 2301 manubiis
549 2235 591 2300 ad
613 2258 670 2300 sua
690 2235 824 2302 feliciter
845 2237 1007 2301 remeavit.

114 2394 164 2458 16.
195 2374 417 2477 Belgiccrumi
439 2394 656 2540 querpmonitae
679 2393 720 2456 ad
742 2395 871 2479 regemf
890 2415 986 2477 super
1007 2394 1075 2456 eius

526 2487 611 2542 evrta
626 2490 672 2541 e0.

54 2608 56 2612 ’
123 2597 194 2677 Quo
210 2606 352 2681 tempore
362 2593 565 2682 Belgicorum
577 2597 740 2695 principes
757 2595 798 2660 ad
813 2619 921 2680 regem
937 2599 1146 2662 conveniunt¹

32 2702 71 2745 ac
99 2679 248 2744 Lauduni
277 2679 364 2766 apud
395 2696 466 2744 eum
495 2682 683 2765 gravissime
713 2691 964 2766 conqueruntur,
994 2704 1031 2745 eo
1060 2680 1147 2768 quod

31 2764 229 2830 inconsultus
258 2764 366 2828 omnia
393 2772 534 2850 appetat.
579 2763 615 2829 Si
640 2786 749 2829 corum
782 2786 909 2850 quoque
932 2765 1071 2829 consiliis
1093 2765 1146 2828 ad-

32 2850 188 2935 quiescat,
209 2849 243 2912 in
264 2847 385 2914 bonum
407 2849 530 2912 exitum
557 2870 608 2912 res
639 2870 712 2912 suas
743 2848 932 2913 deventuras
954 2859 1145 2930 memorant3

31 2933 74 2997 ad
104 2932 166 2996 hoc
196 2932 292 2996 etiam
314 2953 384 2996 sese
407 2931 609 3014 convenisse,
638 2943 675 2996 ut
702 2932 779 3079 lum
813 2931 889 2996 velit
917 2933 963 2996 eis
991 2934 1146 3017 iniungat,

32 3016 121 3115 quod
150 3015 240 3103 cupit
265 3015 299 3078 in
322 3025 406 3099 erat,
451 3016 478 3078 si
504 3014 596 3097 velit,
626 3017 715 3080 consi
727 3017 757 3080 io
786 3025 816 3081 et
837 3018 949 3098 armis,
978 3024 1061 3081 terra
1083 3038 1148 3078 ma-

29 3121 125 3185 rique
161 3109 271 3163 contra
299 3037 413 3165 bostes
445 3121 514 3165 sese
548 3121 780 3198 congressuros.
834 3100 905 3164 Rex
935 3101 976 3165 ab
1010 3102 1055 3165 eis
1084 3100 1147 3165 fide

31 3205 126 3248 susce
151 3192 192 3264 ta,
215 3204 288 3246 cum
309 3181 409 3248 multa
430 3181 646 3248 benivolentra
667 3183 771 3248 redire
793 3184 947 3270 permisit,
971 3187 997 3249 si
1020 3184 1148 3248 fortuna

56 3203 228 3353 uandoque
274 3265 397 3347 ostulet,
426 3267 530 3333 redire
557 3267 681 3331 iubens.
723 3267 792 3330 Neo
819 3266 919 3331 multo
947 3278 1021 3355 post
1049 3278 1080 3333 et
1106 3268 1147 3332 ab

30 3289 222 3417 bidelstano
296 3350 423 3450 giorum
437 3373 513 3436 rege
529 3349 639 3415 classis
661 3354 729 3437 regi
749 3373 820 3415 cum
836 3352 937 3436 copiis
958 3353 1055 3416 missa
1070 3361 1117 3416 est
1125 3363 1147 3416 ².

30 3433 192 3502 Audierat
212 3434 306 3518 enim,
338 3432 427 3500 rllum
449 3435 490 3500 ab
512 3435 574 3498 iiss
588 3436 652 3583 ,gui
680 3437 840 3499 maritima
868 3435 1050 3501 incolebant
1077 3435 1148 3500 loca

31 3518 203 3604 exagitari,
224 3529 334 3584 contra
352 3540 433 3604 quos
455 3517 566 3583 classis
610 3519 754 3584 rmicaret
774 3520 843 3604 regi
867 3541 907 3583 ue
929 3520 1037 3605 nepoti
1059 3521 1148 3583 auxi-

30 3603 111 3667 lium
132 3602 236 3666 ferret.
280 3601 452 3688 Comperto
474 3624 561 3683 ver0,
584 3612 695 3668 contra
711 3625 820 3688 regem
841 3540 967 3667 illorum
989 3605 1146 3668 neminem

31 3697 127 3769 stare,
149 3687 320 3772 ipsumque
342 3708 451 3771 regem
466 3687 500 3748 in
514 3695 620 3771 partes
637 3685 828 3752 Germaniae
842 3708 1030 3772 prosperum
1048 3709 1147 3751 seces-

32 3773 122 3853 sisse,
152 3773 233 3833 mari
254 3791 401 3836 remenso
423 3769 465 3834 ad
485 3771 617 3855 propria
638 3780 767 3836 remeat.

91 3967 115 4020 a)
132 3980 178 4021 sus,
193 3976 232 4009 um
248 3968 305 4011 abac.
380 3966 405 4021 b)
421 3969 520 4010 miiitum
537 3969 653 4011 cohortem
675 3971 695 4009 1.
771 3967 791 4020 c)
808 3969 919 4008 militibus
936 3971 956 4011 i.
1017 3968 1039 4021 d)
1056 3970 1070 4010 i.
1086 3981 1109 4017 p.
1127 3969 1147 4008 1.

32 4027 53 4080 e)
69 4030 97 4081 B,
114 4039 168 4081 que,
183 4029 205 4068 le
221 4027 277 4068 cicc.
338 4025 426 4079 s)cum
442 4031 462 4069 1.
524 4027 547 4079 g)
564 4028 599 4067 his
617 4030 636 4070 1.

106 4159 134 4227 1)
153 4159 234 4212 Flod.
253 4176 278 4212 a.
299 4159 363 4210 939.
383 4157 416 4209 de
435 4159 656 4211 Lotburiensibus
675 4159 768 4222 refert,
795 4161 840 4225 qui
866 4173 894 4209 se
920 4157 1063 4210 Ludovico
1090 4157 1148 4220 regi

32 4233 245 4287 committebant.
321 4229 350 4298 2)
370 4231 448 4283 Flod.
468 4231 534 4282 ibid.
