2820 4824
227 373 261 419 20
485 368 638 418 RICHERI
657 367 908 419 HISTORIARUM
927 367 1037 417 LIBER
1057 368 1079 418 Ι.

226 561 284 623 per
293 534 582 620 metropolitanum,
594 534 788 597 Heinricus*
801 535 871 618 regi
882 533 1049 598 deducitur
1065 533 1234 620 multoque
1252 539 1354 603 ambi·

226 622 321 685 tionis
332 619 452 683 honore
463 627 535 683 ante
547 619 733 698 admittitur,
745 639 783 681 ac
795 619 911 682 amboa
923 619 956 680 in
967 619 1140 681 amicitiam
1152 617 1352 686 federantur.

311 705 362 767 ⁴25.
407 704 532 782 Quibus
553 704 662 787 gestis,
691 700 884 765 Hilduinus¹
908 702 1145 786 Tungrensium
1174 704 1352 791 episcopus

228 809 301 852 cum
323 788 362 850 iis
385 789 439 873 qui
461 786 502 850 ab
524 809 599 872 rege
621 785 802 850 defecerant
829 788 1028 871 conspirasse
1049 787 1103 847 inb
1132 809 1168 851 re
1193 810 1248 851 em
1277 791 1352 853 insi-

228 870 374 935 mulatur.
406 871 550 957 Regique
571 870 722 950 infensus,
746 870 786 933 ab
809 891 846 933 eo
868 870 1083 934 insectabatur
1091 882 1112 932 ⁰.
1188 872 1264 936 uius
1287 873 1351 938 odii

228 957 276 1018 vis
300 977 337 1019 eo
360 976 460 1040 usque
482 955 637 1039 pervenit,
660 964 696 1016 ut
716 953 915 1017 Richerurnd
936 953 1133 1016 Prumiensis
1160 959 1349 1022 monasterii

227 1040 375 1104 abbatem
422 1048 601 1103 romoverot
623 1047 654 1100 et
676 1037 866 1100 Hilduinum
888 1037 1060 1101 abdicaret.
1104 1037 1169 1100 Ate
1192 1039 1349 1106 Rioherus

131 1138 189 1183 ‘nu
198 1141 218 1181 a.
227 1121 268 1186 ab
291 1145 365 1208 rege
410 1132 537 1204 onatus,
561 1144 634 1185 cum
656 1121 697 1184 ab
721 1119 983 1206 *metropolitano
1006 1121 1229 1186 Herimannoa
1258 1144 1349 1210 urge-

167 1217 327 1288 otietur,
350 1229 387 1270 eo
411 1207 497 1293 quod
519 1215 629 1270 contra
650 1204 698 1267 fas
729 1204 769 1269 ab
799 1227 875 1289 rege
905 1207 1125 1291 episcopatum
1153 1210 1349 1294 suscepisset

228 1313 435 1376 supereum,
467 1292 522 1375 qui
543 1289 673 1354 tenebat
701 1291 819 1374 quique
841 1288 926 1353 nulla
949 1287 1115 1373 culparum
1146 1290 1348 1359 confessione

226 1377 339 1458 victuS,
360 1373 447 1438 nullo
469 1372 583 1436 iuditio
606 1372 773 1436 damnatus
796 1383 893 1455 esset,
923 1373 1008 1458 regis
1034 1373 1124 1435 iussu
1145 1374 1287 1440 Romam
1307 1377 1348 1441 fe-

226 1460 331 1523 stinat.
375 1459 424 1520 Ac
445 1456 491 1520 ibi
512 1456 647 1519 Iohanni
668 1478 771 1542 papae
793 1466 825 1520 et
846 1458 931 1541 regis
952 1458 1140 1520 sententiam
1170 1468 1202 1522 et
1224 1462 1277 1522 sui
1298 1483 1347 1525 ne·
1380 1526 1385 1532 ,

227 1544 306 1627 gotii
336 1563 466 1604 causam
500 1540 704 1603 demonstrat.
751 1541 840 1625 Papa
874 1542 908 1602 in
934 1539 1124 1603 Hilduinum
1153 1540 1348 1609 desertorem

227 1626 408 1709 indignans,
431 1622 471 1687 ab
495 1622 599 1686 officio
621 1645 695 1686 eum
716 1623 883 1708 suspendit
910 1646 948 1687 ac
977 1623 1178 1688 anathemate
1201 1625 1347 1711 damnat;

227 1709 398 1772 Richerum
422 1728 497 1771 vero
519 1708 707 1793 episcopum
731 1709 915 1772 ordinatae
938 1729 1013 1771 suae
1035 1711 1233 1774 auctoritatis
1256 1712 1347 1777 bene·

228 1792 367 1855 dictione
390 1792 495 1855 donat.
539 1791 629 1855 Haec
659 1791 736 1855 dum
759 1794 847 1856 sica
870 1801 1013 1874 crentur,
1044 1791 1219 1858 Hilduinus
1240 1818 1348 1880 prose-

250 1875 360 1957 uiturf,
390 1877 552 1938 incassum
573 1875 660 1961 apud
689 1899 808 1961 papam
830 1814 1000 1960 plurimam
1022 1877 1259 1961 querimoniam
1281 1880 1347 1944 fun-

229 1898 307 2023 dens
343 1979 381 2022 ac
413 1959 500 2044 apud
529 1981 601 2024 eum
663 1981 697 2023 ro
738 1958 936 2025 absolutione
974 1958 1149 2023 admodum
1188 1961 1346 2028 laborans.

230 2044 302 2122 Quo
325 2053 553 2129 conquerente,
587 1981 741 2127 Riolrerus
768 2043 850 2108 redit
878 2065 916 2107 ac
947 2043 1055 2108 sedem
1080 2066 1220 2109 vacuam
1242 2049 1346 2112 iussus

227 2126 268 2190 ab
290 2149 366 2212 rege
387 2129 421 2190 in
444 2127 573 2192 reditur.

310 2211 361 2276 26.
439 2215 465 2276 is
486 2213 532 2275 ita
546 2234 615 2276 sese
629 2211 831 2292 habentibus,
853 2221 932 2275 reua
954 2211 996 2275 ad
1011 2211 1176 2277 interiores
1196 2213 1347 2300 Belgicae

227 2306 334 2381 partes
355 2297 415 2360 iter
436 2305 607 2381 retorquet.
654 2296 768 2381 Ibique
799 2296 839 2358 ob
866 2293 982 2359 multas
1003 2317 1109 2358 rerum
1138 2318 1223 2382 quae
1251 2321 1347 2362 emer·

228 2390 334 2444 serant
356 2401 478 2460 causas,
501 2381 590 2462 regio
614 2378 741 2443 decreto
764 2388 796 2443 et
817 2378 1053 2463 metropolitani
1073 2380 1172 2462 iussu,
1195 2382 1346 2447 sinodus²

228 2463 315 2526 aud
345 2461 547 2526 Trosloium³
576 2460 724 2526 habenda
751 2461 911 2526 indicitur.
971 2460 1033 2526 Oui
1066 2463 1178 2528 sinodo
1209 2465 1345 2530 domnus

226 2485 386 2610 llbriveus
413 2544 569 2630 presedit,
598 2567 673 2628 rege
703 2567 829 2630 quoque
856 2544 976 2609 ibidem
1003 2546 1185 2631 presidente
1193 2559 1216 2614 ⁴.
1259 2551 1346 2616 Ubis

228 2651 325 2714 quam
352 2627 499 2712 plurimis
527 2649 609 2712 quae
643 2625 775 2691 utillima
804 2629 873 2693 visa
899 2641 973 2694 suut
1001 2631 1233 2716 determinatis,
1261 2636 1344 2719 regis

228 2714 410 2775 interventu
438 2713 489 2775 eth
516 2713 738 2797 episcoporum
768 2713 823 2797 qui
850 2713 961 2776 sinodo
989 2714 1159 2779 interfuere
1188 2738 1346 2783 consensu

229 2794 366 2858 domnus
411 2794 569 2859 Heriveus
614 2793 874 2880 metropolitanus
918 2796 1126 2862 Erlebaldum
1145 2844 1148 2848 ⁴
1166 2802 1345 2884 predictum

229 2877 480 2942 Castricensium
493 2879 641 2942 comitem
656 2880 688 2942 ai
703 2879 829 2944 vinculo
847 2884 1187 2947 excommunicationis
1199 2883 1345 2950 absolvit.

228 2961 279 3025 Ibi
311 2962 408 3025 etiam
428 2961 566 3025 Rodulfo
593 2961 854 3026 Laudunensium
887 2966 1038 3050 episcopo
1065 2965 1233 3050 defuncto,
1262 2969 1346 3034 Ade-

110 3065 150 3119 ’μ
168 3043 379 3109 aralelmum*
412 3045 554 3110 eiusdem
587 3047 694 3110 urbis³
722 3046 953 3112 thesaurarium
985 3048 1084 3114 multo
1121 3053 1345 3138 cpiscoporum

229 3151 385 3194 consensu
407 3129 447 3193 ab
470 3152 545 3216 rege
567 3129 718 3194 donatum
741 3129 957 3219 sollempniter
979 3135 1113 3198 ordinat.

312 3213 363 3277 27.
406 3213 467 3276 His
488 3235 639 3300 prospere
661 3223 693 3279 et
713 3213 831 3278 utiliter
851 3217 959 3300 gestis,
980 3229 1061 3280 rexa
1088 3241 1126 3281 su
1151 3221 1256 3284 eriora
1276 3220 1346 3287 Bel-

228 3300 340 3383 gicae⁰
355 3298 479 3383 repetit,
494 3298 601 3384 aliqua
616 3320 746 3362 suorum
760 3299 807 3363 ibi
822 3300 1025 3364 ordinaturus
1034 3302 1071 3364 **.
1132 3325 1186 3366 um
1202 3306 1347 3390 equitatu

301 3442 325 3509 *)
346 3444 409 3494 aaa.
430 3445 456 3494 a.

290 3515 324 3579 “)
345 3518 416 3579 Quid
435 3518 486 3569 sibi
505 3519 533 3566 in
552 3518 648 3637 ‘animai
655 3519 689 3566 sit
703 3517 882 3639 (iliplelplertnm
890 3516 993 3640 {dcem
1005 3521 1146 3583 instruens,
1165 3520 1346 3643 lilabitaqapud

347 3595 612 3728 {tttttttttt
628 3604 668 3724 (i.
686 3605 738 3713 ‘ti
749 3606 968 3727 Pttt.·1..,¹'¹.·⁸.
976 3609 1182 3734 libibfffllt
1190 3601 1346 3732 'ttttt

346 3735 424 3796 (corr.
442 3730 499 3798 eos)
521 3735 566 3798 qui
585 3734 659 3784 nulla
677 3737 825 3798 penitentia
845 3737 918 3787 ducti
938 3738 973 3788 ad
992 3754 1084 3804 regem
1104 3737 1184 3806 (corr.
1199 3739 1273 3806 sese)
1292 3756 1347 3791 non

347 3806 482 3857 redierunt
497 3841 633 3857 ........
657 3807 721 3858 add.
738 3810 761 3872 l,
780 3809 831 3860 del.
849 3810 881 3873 23
901 3810 948 3876 qui
966 3812 1045 3862 etiam
1065 3811 1095 3864 O.
1112 3829 1156 3879 oq.
1171 3814 1210 3880 ig.
1228 3813 1345 3879 scripsit.

287 3913 310 3966 a)
326 3920 373 3963 post
389 3915 438 3953 add.
491 3913 515 3965 b)
532 3915 593 3965 apud
610 3927 626 3955 r.
643 3918 666 3956 in
682 3929 749 3966 muru.
765 3920 792 3966 13
808 3919 831 3957 tn
847 3919 868 3958 2.
923 3918 943 3970 c)
960 3921 1114 3971 impetebatur
1131 3924 1152 3962 1.
1206 3920 1229 3975 d)
1245 3923 1345 3964 Richero

226 3986 283 4014 corr.
300 3974 430 4014 Richerum.
491 3973 513 4024 a)
531 3975 560 4014 At
578 3997 603 4005 -
619 3976 716 4015 donatus
732 3977 816 4016 inloto
832 3988 884 4016 ruso
900 3981 1030 4022 statuetur.
1091 3979 1154 4031 Oen
1169 3981 1210 4023 del.
1258 3980 1282 4033 g)
1296 3992 1345 4031 per·

226 4035 256 4082 pit
272 4033 315 4072 atio
332 4037 449 4071 atramento
465 4033 488 4072 tn
504 4035 549 4072 loco
564 4038 588 4072 ut
603 4035 686 4074 videtur
701 4047 761 4074 raro.
821 4033 844 4086 h)
862 4040 885 4075 et
901 4040 1003 4078 omnium
1019 4051 1056 4090 ep.
1074 4061 1100 4069 -
1117 4050 1233 4081 consensu
1244 4045 1297 4090 post
1309 4051 1346 4080 co·

228 4093 307 4131 mitem
322 4092 402 4140 scripta
418 4097 492 4143 eront3
509 4093 611 4132 omnium
626 4095 665 4134 det.
727 4093 744 4145 i)
762 4104 776 4133 a
791 4106 812 4135 v.
829 4105 879 4136 exc.
894 4096 918 4134 tn
933 4109 1010 4149 moro,
1027 4110 1056 4140 cx
1071 4098 1128 4139 abac.

303 4186 330 4241 1)
350 4186 427 4238 Flod.
456 4203 480 4237 a.
507 4189 569 4241 920.
663 4189 691 4255 2)
717 4190 795 4240 Flod.
825 4207 849 4241 a.
876 4190 938 4243 921.
1034 4191 1063 4259 3)
1083 4193 1345 4246 molitur-Anne.

320 4244 325 4252 ι

227 4258 257 4319 4)
273 4267 412 4324 praesente
425 4261 503 4313 Flod.
579 4261 607 4328 ὅ)
628 4263 677 4313 loca¹
695 4263 783 4327 Flod,
803 4263 873 4329 quod
894 4265 1037 4317 ecelesiam
1058 4265 1211 4332 significare
1230 4267 1346 4319 videtur.

227 4332 254 4396 6)
275 4349 384 4401 requam
400 4333 524 4386 Lethara'i
540 4335 620 4388 Flod.
