2820 4824
331 367 483 420 RIOHERI
502 368 751 422 HISTORIARUM
769 370 879 421 LIBER
894 371 961 422 IIII.
1152 372 1203 423 145

94 541 223 615 starent,
247 554 318 596 111
339 533 438 597 multa
460 533 559 619 gloria
582 535 718 599 etfama
746 537 911 601 victoriam
932 537 965 599 in
990 535 1080 601 brevi
1107 537 1264 636 adep-9⁹0.

94 627 192 682 turos.
236 617 393 680 Processit
413 620 569 683 exercitus
598 628 744 705 uterque,
775 620 876 683 donec
903 619 981 684 alter
1008 620 1140 684 alterum
1168 644 1203 684 1n

94 709 268 788 prospectu
288 699 427 765 haberet.
469 701 513 766 Et
533 704 578 765 sio
600 713 731 788 uterque
752 703 835 767 fixus
856 702 994 767 herebat.
1035 704 1202 789 Utrimque

95 807 161 848 non
186 783 387 848 mediocriter
415 784 593 849 dubitatum
623 797 682 868 est,
718 809 791 850 cum
819 786 956 850 Karolus
985 789 1032 850 rei
1057 786 1201 851 militaris

93 869 237 954 inopiam
257 866 396 950 haberet,
422 891 530 955 regem
551 892 625 933 vero
655 871 778 933 animus
805 872 854 934 sui
882 869 1028 934 facinoris
1057 872 1201 934 conscius

95 961 207 1016 contra
234 953 283 1015 ius
312 962 427 1036 agere³
454 963 613 1036 argueret,
643 974 715 1016 111
741 952 895 1017 Karolum
924 961 1054 1038 patemo
1082 954 1201 1018 honore

72 1036 280 1122 'spoliaverit
300 1046 393 1120 atque
420 1039 509 1121 regni
530 1039 600 1100 iura
621 1038 654 1099 in
681 1059 749 1101 sese
776 1035 988 1101 transfuderit.
1030 1037 1091 1101 His
1119 1048 1201 1102 uter-

96 1143 158 1206 que
179 1119 292 1183 herens
314 1119 511 1205 persistebat.
554 1120 697 1185 Tandem
725 1121 844 1185 ratione
873 1142 1012 1206 congrua
1040 1144 1059 1185 a
1085 1123 1201 1206 prima-

94 1204 180 1269 tibus
192 1205 279 1301 regil
295 1212 478 1289 suggestum
493 1213 548 1287 est,
563 1203 789 1289 aliquantisper
796 1225 867 1267 cum
883 1207 1024 1269 exercitu
1038 1204 1199 1287 standum;

96 1290 124 1352 si
159 1288 258 1351 hostis
287 1285 485 1369 adventaret,
518 1289 714 1351 *comminus
743 1286 1022 1371 congrediendum,
1045 1290 1071 1350 si
1097 1287 1317 1351 nullusnest

94 1371 266 1450 lacessiret,
295 1391 367 1433 cum
393 1372 533 1435 exercitu
556 1370 760 1436 redeundum.
808 1371 875 1435 Nec
900 1373 1003 1435 minus
1032 1394 1051 1434 a
1078 1371 1198 1434 Karolo

94 1455 181 1518 idem
214 1452 421 1518 deliberatum
452 1454 520 1519 fuit.
563 1455 667 1536 Unde,
700 1455 774 1541 quia
794 1464 925 1602 uterlque
947 1455 1094 1536 constitit,
1116 1463 1199 1518 uter-

95 1538 241 1687 quesibi
263 1539 367 1602 cessit.
403 1539 473 1601 Rex
498 1541 671 1604 exercitum
692 1539 832 1622 reduxit,
890 1538 993 1602 arolus
1015 1559 1091 1603 vero
1113 1538 1200 1602 Lau·

118 1624 174 1686 uni
196 1643 266 1686 sese
286 1622 416 1706 recepit.

179 1706 230 1768 40.
275 1705 415 1786 *Odol*,
436 1706 555 1769 interea
577 1707 776 1770 Drocarum¹
807 1706 954 1788 cnidus,
987 1707 1026 1770 de
1054 1702 1315 1770 Lauduni'f01·4⁷·

94 1790 243 1874 captione
283 1811 352 1853 sese
388 1787 559 1874 plurimum
595 1789 737 1854 diffidere
772 1729 867 1874 apud
893 1801 1019 1874 regem²
1055 1788 1199 1854 simulate

96 1872 298 1960 querebatur,
321 1894 394 1935 111
413 1874 495 1937 aries
516 1875 645 1936 cesserit
666 1872 842 1959 militesque
857 1874 977 1938 viribus
993 1871 1200 1954 diffiderent0,

94 1959 194 2020 immo
217 1957 311 2020 etiam
332 1955 408 2019 urbs
434 1957 504 2041 ipsa
530 1956 741 2021 inaccessibili
762 1959 824 2020 situ
846 1955 1021 2021 obnitentes
1042 1967 1202 2040 contemp-

94 2050 159 2105 nat.
182 2041 253 2104 Rex
264 2041 387 2103 merore
399 2040 569 2122 confectus,
581 2040 621 2104 ab
630 2040 743 2105 Odone
755 2038 897 2103 subsidia
907 2041 998 2124 petit,
1015 2062 1082 2104 sese
1097 2041 1201 2103 vicem

93 2131 419 2208 recompensaturum,
442 2126 468 2187 si
487 2126 595 2210 copias
611 2124 790 2208 suppeditet
811 2122 901 2186 etad
920 2124 1076 2208 integrum
1090 2122 1201 2188 urbem

94 2216 275 2293 expugnet3
307 2207 392 2292 quod
413 2209 440 2271 si
461 2208 723 2292 inpresentiarum
748 2205 789 2269 ali
812 2205 867 2270 uid
894 2205 979 2290 quod
1004 2204 1051 2268 lar
1074 2206 1201 2269 'endum

94 2292 134 2356 sit
145 2300 242 2376 petat,
253 2294 319 2355 sine
342 2290 438 2354 dubio
454 2313 522 2355 sese
536 2290 706 2357 liberaliter
720 2228 943 2354 exhibiturum.
966 2287 1037 2352 Odo
1081 2287 1200 2352 auduni

93 2377 358 2461 inpugnationem
379 2373 534 2460 simulque
556 2384 587 2440 et
608 2376 785 2459 captionem
806 2375 840 2437 in
860 2373 1006 2458 proximo
1028 2371 1202 2456 pollicetur,

95 2460 124 2522 si
152 2468 274 2522 tantum
301 2479 321 2520 a
347 2481 422 2543 rege
450 2459 574 2522 Drocas
601 2460 746 2543 accipiat.
796 2458 867 2521 Rex
891 2455 1039 2520 vincendi
1066 2455 1201 2540 gloriam

92 2543 236 2627 cupiens,
256 2543 377 2626 petenti
399 2551 535 2606 castrum
550 2542 778 2606 accommodat.
816 2540 926 2606 Palam
941 2539 1086 2604 omnibus
1108 2537 1200 2620 cedit,

96 2627 343 2710 promissionum
370 2626 409 2689 de
436 2625 590 2690 Lauduno
620 2625 773 2690 credulus.
831 2625 901 2690 Odo
932 2645 1056 2710 quoque
1090 2621 1201 2686 urbem

94 2709 246 2773 amissam
272 2711 306 2772 in
327 2709 418 2774 brevi
444 2732 512 2774 sese
540 2709 736 2775 redditurum
762 2708 867 2794 palam
889 2707 1034 2772 omnibus
1059 2706 1201 2792 spondet.

96 2791 244 2857 Castrum
266 2815 342 2878 ergo
364 2816 384 2857 a
398 2815 473 2878 rege
488 2815 672 2857 concessum
687 2791 807 2879 absque
821 2815 910 2856 mora
948 2792 1012 2874 etit,
1028 2800 1201 2855 castrenses

94 2874 158 2940 sibi
179 2878 368 2941 sacramenti
388 2879 456 2942 iure
482 2887 652 2943 annectens
678 2878 786 2963 eisque
807 2875 884 2940 alios
911 2813 1045 2960 aliquot,
1068 2896 1203 2960 quorum

93 2959 173 3024 fidei
193 2961 336 3044 vigorem
357 2960 485 3043 sciebat,
506 2963 675 3043 assotians;
697 2962 785 3045 regia
805 2961 933 3045 negotia
954 2958 1070 3022 exinde
1084 2957 1202 3022 utiliter

93 3053 165 3108 sata
189 3065 254 3108 ens.
306 3043 404 3108 Ouius
432 3053 539 3108 tamen
567 3043 737 3108 voluntatis
765 3043 892 3107 effectus
920 3042 1023 3106 nullus
1056 3041 1132 3124 fuit,
1162 3063 1199 3106 eo

118 3065 188 3191 uod
211 3128 421 3212 tempestiuad
449 3128 536 3193 urbis
562 3128 698 3212 proditio
726 3135 846 3190 vetaret
872 3136 904 3190 11
932 3131 1024 3190 oasu's
1045 3126 1203 3210 repentini

128 3212 207 3275 ’tere
234 3209 303 3274 fieri
323 3213 499 3296 arguerent.

166 3332 217 3396 41.
261 3330 430 3395 *Subtilisf
449 3329 656 3394 machinatiof
675 3330 709 3392 in
729 3327 885 3392 Karolum
906 3337 938 3391 11
957 3325 1132 3390 Arnulfum.
1211 3341 1266 3387 ‘rot
1282 3346 1327 3386 11.

183 3429 236 3496 Ab
272 3433 333 3496 hoc
371 3441 513 3518 tempore
546 3431 706 3497 Adalbero
736 3430 992 3496 Laudunensium
1019 3430 1198 3514 episcopus,
1239 3404 1322 3446 'lm'

94 3517 152 3602 qui
174 3525 247 3580 ante
269 3537 288 3579 a
308 3514 426 3580 Karolo
449 3526 560 3603 captus
581 3517 754 3602 aufugerat,
785 3515 870 3580 omni
891 3513 1018 3599 iugenio
1042 3514 1201 3597 oportuni·
1261 3533 1264 3539 ·

96 3610 194 3664 tatem
224 3599 410 3685 quaerebat,
439 3622 503 3686 qua
528 3623 621 3665 versa
648 3603 717 3664 vice
744 3609 775 3664 et
802 3598 991 3663 Laudunum
1020 3606 1148 3681 caperet
1169 3605 1201 3660 11

96 3682 251 3748 Karolum
274 3683 561 3768 comprehenderet.
597 3685 733 3771 Legatos
754 3685 862 3768 itaque
883 3679 1063 3744 huiusmodi
1083 3680 1203 3764 negotii

96 3767 344 3830 officiosissimos
362 3767 495 3832 Amulfo
511 3768 658 3854 dirigens,
673 3768 854 3848 amicitiam,
869 3765 974 3848 fidem,
989 3765 1205 3850 suppetiarum

95 3851 241 3914 subsidia
261 3851 399 3915 mandat.
442 3851 483 3914 Ei
505 3874 629 3938 quoque
651 3861 760 3937 utpote
788 3873 843 3914 suo
873 3847 1114 3935 metropolitano
1137 3871 1205 3912 sese

155 4012 398 4063 auerruncandae.
420 4025 488 4064 agere
508 4027 526 4056 c.
613 4013 763 4064 11))111111111.
829 4011 1203 4066 1·)11111111·α1111111111

92 4077 144 4122 port
159 4073 241 4112 incerto
256 4073 330 4112 addita
347 4079 405 4114 auat.
422 4095 447 4105 -
465 4073 492 4119 O,
509 4085 630 4123 11111111.
710 4072 730 4124 c)
748 4073 853 4113 diffidant
870 4075 890 4113 1.
973 4070 995 4121 d)
1012 4072 1037 4110 in
1053 4077 1103 4110 ante
1118 4074 1203 4119 tempe·

96 4132 156 4172 stiva
172 4132 212 4172 dcl.
273 4129 295 4181 1)
313 4135 335 4171 11
348 4133 417 4172 aliter
433 4135 454 4175 1.
513 4130 530 4182 f)
547 4132 600 4180 Sub,
617 4143 655 4172 ma
670 4133 727 4173 abac.

173 4249 200 4312 1)
219 4249 319 4298 Dreux.
406 4249 434 4312 2)
455 4248 549 4300 Comes
568 4246 661 4314 procul
682 4246 760 4296 dubio
781 4245 959 4304 Carantonus,
985 4245 1072 4309 quic.
1095 4242 1128 4290 74
1141 4257 1199 4306 sqq.

95 4327 267 4372 memoratur.

936 4401 976 4463 10
