2820 4824
234 383 267 434 18
490 383 642 433 RICHERI
663 380 914 432 HISTORIARUM
933 378 1044 430 LIBER
1063 381 1086 429 1.

172 548 317 616 raculfo
347 550 488 613 eiusdem
525 549 613 612 urbis
653 549 820 633 episcopo,
862 557 1092 632 consequenter
1129 547 1355 614 admittuntur.

233 634 375 699 Armatis
396 634 504 719 itaque
526 632 756 712 circumdatus,
778 630 948 694 concilium
970 631 1168 695 desertorum
1197 636 1356 717 stupenti-

234 719 294 781 bus
323 717 446 779 cunctis
474 725 627 801 penetrat.
678 716 860 800 Factusque
888 713 1054 778 terribilis:
1084 715 1184 795 ‘Ubi’,
1207 718 1354 803 inquam,

234 806 293 865 ‘est
323 799 471 864 dominus
499 822 588 864 meus
610 799 700 863 rex'?
728 799 781 860 Ex
810 809 896 862 tama
923 797 1032 863 multis
1054 801 1148 884 pauci
1177 799 1355 864 admodum

234 883 448 969 respondendi
469 884 552 947 vires
574 882 722 962 habuere,
746 884 839 946 hsese
861 883 987 966 penitus
1010 883 1160 967 deceptos
1182 885 1252 948 rati.
1289 887 1354 966 Qui

234 980 341 1034 tamen
364 989 438 1031 cum
453 967 574 1032 viribus
596 968 745 1030 resumtis
760 967 916 1030 dicerent:
940 967 1038 1030 ‘lntro
1062 989 1135 1029 cum
1150 969 1263 1053 paucis
1280 991 1354 1032 eon-

235 1053 352 1132 sultat’,
379 1051 642 1136 metropolitanus
673 1051 754 1115 ostio
784 1051 928 1114 obserato
958 1051 1024 1113 vim
1052 1051 1155 1115 infert.
1200 1051 1353 1138 Serisque

234 1135 457 1222 pessumdatis,
481 1148 573 1199 cum⁰
595 1136 707 1220 paucis
730 1134 892 1198 sedentem
908 1135 1059 1219 repperit.
1103 1134 1244 1220 Captum
1267 1138 1353 1200 enim

234 1219 417 1284 custodibus
439 1218 589 1283 adhibitis
612 1217 771 1303 ergastulo
794 1217 1033 1302 deputaverant.
1078 1219 1149 1298 Quo
1170 1220 1354 1305 metropoli-

233 1315 326 1368 tanus
348 1325 446 1366 manu
466 1303 686 1388 apprehenso:
709 1300 819 1383 ‘Veni',
841 1303 952 1387 inquit,
976 1308 1057 1383 ‘rex,
1088 1305 1215 1388 tuisque
1245 1306 1353 1388 potius

233 1391 340 1453 utere'.
384 1385 427 1451 Et
449 1388 495 1450 sic
516 1408 535 1448 a
556 1384 798 1471 metropolitano
820 1409 837 1449 e
860 1384 1057 1450 desertorum
1089 1388 1194 1450 medio
1218 1389 1353 1452 eductus

233 1480 290 1536 est.
333 1471 425 1534 Tunc
452 1471 549 1534 etiam
579 1492 698 1554 equum
725 1469 916 1549 ascendens,
946 1492 1019 1532 cum
1054 1472 1135 1534 taoo
1156 1483 1352 1535 armatorum

234 1557 274 1619 ab
292 1554 371 1619 urbe
392 1555 493 1618 exivit
513 1555 632 1638 atqued
653 1554 770 1617 Remos
792 1554 928 1618 devenit.
971 1555 1049 1617 Post
1064 1556 1153 1618 cuius
1176 1555 1353 1619 discessum

234 1639 433 1703 desecoresd
455 1636 579 1722 pudore
602 1636 734 1717 confusi,
758 1636 866 1700 illusos
881 1659 950 1700 sese
965 1637 1224 1722 indignabantur.
1270 1639 1352 1703 Con-

234 1723 382 1806 fusiquee
409 1721 451 1784 ad
479 1720 667 1784 Rotbertum
698 1721 831 1785 redeunt
857 1729 953 1805 atque
981 1744 1049 1785 rem
1081 1745 1145 1785 non
1173 1726 1249 1787 satis
1280 1747 1352 1808 pro-

236 1827 328 1890 spere
350 1813 473 1889 gestam
495 1804 648 1870 desertori
677 1805 860 1890 transfugae
889 1816 1061 1889 reportant.
1109 1806 1249 1870 Karolus
1277 1829 1352 1870 vero

235 1911 294 1952 rex
323 1910 396 1951 cum
425 1887 668 1973 metropolitano
695 1888 829 1974 aliisque
858 1890 987 1972 paucis,
1018 1891 1072 1974 qui
1100 1912 1173 1953 ase
1204 1890 1356 1976 quidemf

236 1972 430 2054 defecerant,
461 1974 654 2058 sapientium
682 1983 790 2036 tamen
818 1970 950 2035 consilio
978 1972 1019 2036 ad
1048 1996 1081 2037 se
1102 1977 1222 2038 reversi
1253 1985 1352 2055 erant,

235 2055 413 2141 Belgicae&
433 2057 584 2121 interiora
610 2057 727 2142 repetit
763 2079 801 2120 ac
833 2056 1003 2141 Tungrosh
1031 2057 1185 2121 concedit.
1237 2059 1353 2144 Ibique

235 2141 385 2226 episcopo
406 2148 481 2204 tunc
503 2139 663 2222 defuncto,
685 2139 885 2221 Hilduinum,
908 2140 1043 2226 eligente
1066 2141 1150 2205 clero
1173 2164 1211 2204 ao
1230 2143 1353 2228 populo

233 2223 368 2306 favente,
391 2247 450 2310 per
470 2224 744 2310 archiepiscopum
760 2225 992 2288 Herimannum
1015 2224 1175 2310 presulem
1199 2227 1353 2308 ordinati,

233 2310 337 2372 virum
364 2307 527 2374 liberalem
557 2332 595 2372 ac
628 2319 808 2388 strenuum,
843 2307 899 2371 sed
936 2307 1113 2372 factiosum.
1161 2311 1246 2373 Nam
1276 2333 1353 2374 mox

235 2395 404 2478 episcopus
427 2393 599 2474 ordinatus,
622 2394 683 2457 iisa
704 2391 855 2475 Belgicae
876 2393 1076 2477 principibus
1098 2394 1175 2478 quik
1199 2395 1354 2459 Rotberto

233 2476 308 2540 duci
329 2478 363 2538 in
382 2478 467 2561 regis
488 2476 666 2540 abiectione
688 2475 838 2539 favebant
859 2498 936 2538 mox
957 2475 1060 2540 haesit
1082 2487 1113 2540 et
1133 2477 1224 2558 favit,
1255 2477 1353 2562 pluri-

233 2581 321 2622 mum
351 2581 424 2622 cum
457 2560 503 2623 eis
535 2569 646 2623 contra
678 2582 785 2642 regem
824 2558 1019 2623 machinans.
1070 2560 1136 2624 At*
1165 2584 1223 2626 rex
1252 2562 1352 2626 bono¹

234 2663 365 2706 suorum
378 2664 454 2705 usus
471 2642 612 2723 consilio,
624 2665 684 2741 per
698 2643 873 2707 Heriveum
882 2655 903 2684 ¹¹¹
914 2643 1193 2730 metropolitanum
1205 2645 1352 2712 (lucemm

125 2725 504 2804 ‘r·⁵⁷⁷·Heinricum¹¹¹·**,
528 2726 602 2811 *qui
622 2749 655 2788 m
672 2726 813 2790 Saxonis
823 2729 866 2758 ***
886 2728 1032 2793 omnibus
1048 2740 1184 2813 preerat,
1206 2732 1351 2796 accersit.

234 2809 298 2872 Hic
320 2809 404 2872 enim
426 2808 466 2871 ab
485 2809 659 2874 Rotberto†
681 2831 863 2895 persuasus,
886 2832 960 2874 cum
982 2811 1052 2874 aliis
1074 2812 1114 2875 ab
1137 2836 1212 2896 rege
1236 2814 1352 2880 disces-

235 2899 326 2956 serat.

261 3031 311 3094 23.
355 3027 569 3116 Conquestion
592 3032 723 3096 Herivei
744 3033 931 3097 Remensisn
953 3032 1210 3119 metropolitanin
1233 3037 1322 3120 apud

495 3115 684 3180 Heinricum
695 3129 718 3158 ¹¹·
731 3119 757 3160 ††
778 3137 838 3202 pro
860 3117 980 3181 Karolo
1001 3140 1086 3202 rege.

316 3215 418 3279 Penes
446 3239 540 3302 quem
568 3217 829 3304 metropolitanus
858 3221 928 3283 vice
955 3221 1041 3319 regis
1069 3221 1115 3284 sic
1148 3233 1260 3284 orsus⁰
1289 3223 1350 3288 ait:

234 3296 421 3380 ‘Hactenus,
451 3303 500 3365 vir
525 3301 739 3385 nobilissime,
767 3312 823 3366 tua
852 3303 1037 3388 prudentia,
1060 3314 1116 3368 tua
1137 3303 1350 3370 liberalitates

232 3402 298 3466 pax
318 3384 512 3469 principum,
534 3387 703 3450 concordia
719 3388 860 3450 omnium
876 3387 995 3452 utiliter
1008 3387 1153 3452 floruere.
1198 3388 1244 3453 At
1263 3399 1350 3474 post-

304 3545 328 3613 ‘)
348 3548 383 3598 At
401 3549 542 3600 Remorum
563 3548 760 3613 metropolitani
779 3549 890 3599 Herivei
911 3551 1022 3602 consilio
1042 3567 1104 3602 usus
1125 3549 1205 3617 (corr.
1226 3569 1275 3618 per
1295 3569 1348 3603 me·

349 3621 537 3686 tropolitanum
554 3618 761 3686 Hermannum),
789 3621 968 3674 Gislebertum
988 3622 1040 3690 (i),
1063 3626 1108 3690 qui
1128 3625 1156 3672 in
1176 3625 1291 3690 Belgica
1311 3624 1348 3690 (i)
1384 3628 1386 3633 ’

351 3695 471 3744 omnibus
487 3695 574 3760 potior
593 3699 657 3756 erat,
678 3709 725 3759 per
740 3693 843 3759 legatos
857 3700 979 3747 accersit.
1016 3699 1071 3747 Hic
1086 3699 1155 3747 enim
1169 3699 1203 3747 ab
1217 3699 1347 3748 Heinrico

350 3781 492 3831 persuasus
513 3781 573 3816 cum
592 3766 652 3816 aliis
671 3766 805 3818 nonnullis
819 3769 853 3818 ab
866 3785 930 3833 rege
948 3770 1126 3821 discesserant
1146 3769 1226 3835 (corr.
1247 3772 1347 3823 disces·

350 3834 442 3903 serat).
480 3838 516 3888 Et
529 3841 674 3890 accersitus
688 3855 747 3889 cum
762 3841 844 3891 multo
857 3842 957 3892 honore
972 3849 1034 3894 ante
1047 3859 1137 3908 regem
1152 3844 1303 3895 admittitur
1323 3846 1348 3895 1.

292 3905 329 3973 ”l
349 3910 527 3961 Gislebertum
548 3913 572 3961 1.
645 3909 694 3978 *“)
714 3911 753 3962 ita
773 3913 803 3976 2;
823 3914 938 3979 Belgica
958 3912 995 3981 (i)
1018 3918 1041 3966 1.

305 3977 328 4045 l)
348 3982 387 4032 ita
406 3984 440 4046 23
460 3985 588 4034 Heinrieo
611 3985 635 4035 l.
709 3983 745 4050 Η)
765 3986 804 4036 ita
823 3988 839 4035 2
858 3987 888 4037 ire
907 3989 960 4040 loco
980 4006 1052 4040 raso.

290 4123 376 4176 alpert
391 4127 440 4168 aad.
499 4125 523 4178 b)
540 4128 712 4176 curramus.
731 4133 751 4183 1,
768 4144 824 4172 corr.
842 4134 862 4172 2,
925 4133 945 4188 c)
963 4145 982 4174 c.
1000 4135 1088 4174 duobus
1104 4139 1193 4175 tantum
1211 4138 1231 4176 l.
1286 4135 1309 4188 d)
1323 4147 1346 4175 s.

229 4184 257 4224 R.
274 4184 296 4225 d.
312 4185 336 4224 tn
351 4197 418 4235 marc.
471 4184 493 4238 e)
509 4188 612 4236 Iratique
629 4192 649 4240 1,
665 4201 722 4232 corr.
740 4192 760 4230 2.
812 4189 830 4241 f)
845 4193 869 4231 in
884 4204 952 4242 marg.
968 4194 1017 4232 add.
1064 4191 1087 4245 g)
1102 4195 1126 4233 in
1142 4197 1168 4235 Β.
1185 4196 1309 4244 superiore
1324 4197 1344 4236 1.

229 4243 252 4295 h)
268 4243 367 4293 Tungris
384 4246 405 4284 1.
465 4246 483 4298 i)
499 4247 614 4287 ordinavit
629 4250 650 4300 1,
666 4260 721 4287 corr.
739 4251 758 4290 2.
818 4248 843 4300 k)
860 4261 882 4298 q.
899 4263 950 4290 cum
965 4252 1074 4292 Rotherto
1090 4254 1147 4294 duce
1163 4264 1242 4302 regem
1259 4255 1347 4294 abiece-

229 4306 282 4342 rsnt
298 4305 318 4355 1,
339 4314 395 4344 corr.
412 4304 432 4343 2.
491 4304 509 4357 1)
526 4307 548 4344 b.
565 4317 584 4348 s.
599 4318 622 4349 u.
640 4319 658 4347 c.
674 4308 698 4346 io
713 4319 781 4357 marc.
842 4307 874 4360 m)
890 4311 940 4349 taso
956 4312 977 4351 2.
1034 4309 1058 4362 n)
1075 4313 1116 4364 tio,
1140 4313 1210 4363 ensis,
1236 4315 1283 4364 eni,
1307 4322 1346 4353 um

228 4361 284 4402 absc.
347 4360 370 4413 o)
386 4371 399 4402 e
413 4374 470 4404 corr.
531 4363 556 4415 p)
572 4365 665 4406 liberali
680 4367 775 4414 ingenio
792 4368 813 4407 1.
