2820 4824
221 329 256 379 88
475 327 627 378 RICHERI
646 327 897 378 HISTORIARUM
915 327 1027 378 LIBER
1044 329 1098 380 111.

163 495 373 577 6660616011,
402 495 552 576 Turonis,
581 492 675 559 Bleso
704 492 837 580 aliisque
866 515 962 580 quam
990 493 1138 580 plurimis
1168 494 1330 562 Neustrise

225 577 361 644 urbibus
393 578 582 664 oppidisque
592 591 614 642 ¹.
662 576 742 641 Inde
772 598 900 663 quoque
921 600 995 642 cum
1016 581 1161 643 exercitu
1182 579 1218 642 in
1239 581 1328 667 Aqui-

225 664 345 737 taniam
366 661 519 727 feruntur.
560 661 604 725 Et
627 661 790 746 premissis
811 659 933 746 legatis,
963 683 1037 725 cum
1059 661 1232 728 Wilelmus
1253 664 1329 749 prin-

225 768 302 832 ceps
330 755 516 810 occurrere³
542 743 647 828 nollet,
674 744 833 809 Pictavim
860 743 1055 827 adoriuntur,
1083 747 1266 833 principem
1291 746 1327 811 ibi

226 853 294 895 esse
316 830 386 894 rati.
429 828 513 894 Cum
534 851 610 914 ergo
639 830 797 893 exercitus
823 829 1098 895 vehementissime
1123 831 1241 896 urbem
1262 841 1327 897 atte-

224 923 308 978 reret
337 925 368 979 et
397 912 571 978 diutissime
599 933 741 997 pugnam
770 912 899 977 urbanis
927 914 1065 996 inferret,
1095 935 1115 976 6
1166 914 1328 980 uibusdan

223 998 320 1084 regiis
335 1007 473 1062 castrum
488 1005 614 1062 sanctae
629 996 835 1081 Radegundis
852 995 924 1061 urbi
939 998 1124 1082 contiguum
1140 937 1328 1064 blandestina

225 1083 397 1167 irreptione
433 1091 561 1166 captum
596 1090 691 1167 atque
727 1101 914 1144 succensum
946 1091 1002 1146 est.
1053 1080 1231 1168 Comperto
1263 1105 1327 1148 vero

226 1167 403 1251 principem
425 1187 489 1229 non
517 1164 638 1246 adesse,
664 1165 790 1229 tandem
820 1173 893 1250 post
920 1164 1054 1229 duorum
1076 1167 1242 1230 mensium
1264 1166 1329 1248 dies,

225 1249 330 1316 victus
351 1248 527 1335 indigentia
556 1249 699 1313 exercitu
727 1247 869 1334 fatigato,
899 1249 940 1313 ab
962 1249 1128 1316 obsidione
1153 1251 1328 1316 disceditur.

309 1373 339 1434 4.
372 1367 540 1434 Wilelmus
563 1391 639 1433 1610
660 1367 837 1433 Arverniae
857 1369 935 1433 fines
948 1368 1164 1516 perlustrans
1188 1381 1329 1456 quaeest

225 1451 417 1538 Aquitaniae
445 1475 530 1552 pars,
560 1450 601 1515 ab
632 1452 758 1601 oplpidis
786 1451 902 1517 milites
929 1476 946 1518 e

969 1454 1093 1535 uoebat,
1122 1454 1166 1518 ad
1196 1476 1328 1541 pugnarn

226 1538 400 1601 exercitum
423 1535 585 1620 colligens
620 1535 666 1601 Co
691 1544 834 1634 actoque,
850 1536 884 1600 in
898 1559 1007 1622 regem
1027 1537 1134 1602 fertur.
1171 1538 1248 1619 Quo
1262 1539 1331 1603 1611

112 1644 167 1689 ’61
179 1650 214 1692 aa.
226 1630 399 1706 comperto,
416 1620 517 1683 *duce
532 1619 656 1685 favente
671 1629 846 1686 exercitum
860 1621 894 1684 in
909 1619 1032 1686 hostem
1045 1621 1184 1686 reducit.
1219 1623 1329 1710 Signis·

225 1725 287 1789 que
307 1702 429 1767 infestis
451 1703 665 1788 congreditur.
706 1704 870 1769 Acerrime
892 1703 1077 1768 dimicatum
1097 1713 1155 1788 est,
1179 1705 1331 1770 nonnullis

224 1788 383 1872 utrimque
404 1786 494 1850 fusis.
548 1786 614 1851 Sed
635 1789 722 1874 regio
745 1788 907 1873 equitatu⁰
928 1788 1121 1874 prevalente,
1155 1789 1330 1877 Aquitanos

224 1870 302 1956 fuga
324 1871 475 1956 exagitat.
522 1871 569 1935 Re
594 1871 643 1936 iae
674 1894 751 1936 vero
784 1873 868 1936 acies
898 1873 1112 1958 promtissime
1138 1873 1331 1940 insecuntur.

224 1955 264 2018 In
287 1975 350 2052 qua
370 1953 447 2040 fuga
467 1893 610 2018 nonnulli
631 1953 865 2042 Aquitanorum
887 1955 1054 2038 interfecti,
1076 1955 1210 2042 plurimi
1232 1968 1328 2023 auten

225 2046 311 2123 capti
332 2037 468 2103 fuerunt.
510 2037 678 2105 Wilelmus
699 2061 774 2105 1610
805 2039 900 2104 116116
928 2050 1064 2124 secutus,
1093 2063 1169 2104 cum
1192 2040 1329 2110 duobus*

223 2122 279 2185 vix
300 2144 358 2209 per
378 2124 514 2209 abrupte
534 2123 684 2210 profugit.

308 2243 337 2308 5.
369 2243 462 2308 Rex³
485 2245 584 2328 ergod
605 2266 680 2329 pros
706 2266 759 2309 610
781 2242 855 2309 belli
878 2265 1027 2308 successu
1053 2245 1200 2329 insignis,
1229 2247 1329 2310 60161θ

223 2328 339 2393 iterum
360 2327 501 2392 Pictavis
522 2328 632 2393 inferri
651 2267 766 2394 iubeat
815 2327 1039 2393 Arbitrabatur
1061 2329 1190 2408 etenim,
1223 2330 1326 2395 urben

224 2421 300 2474 tunc
320 2411 469 2477 facillime
492 2415 565 2498 capi
586 2434 689 2497 posse,
711 2435 784 2476 oum
799 2413 958 2478 exercitus
971 2413 1108 2476 recentis
1123 2411 1201 2477 belli
1216 2415 1328 2478 animo·

224 2496 316 2559 sitate
338 2495 465 2559 adhuc&
485 2495 606 2560 ferveat
627 2506 658 2560 et
677 2497 792 2562 urbani
819 2494 917 2560 multo
944 2495 1145 2560 detineantur
1173 2508 1263 2562 metu
1292 2497 1328 2561 ob

224 2580 379 2663 principis
395 2581 444 2642 sui
457 2579 568 2663 fugam
583 2581 713 2678 eiusque
728 2580 863 2644 militum
878 2579 1036 2644 infelicem
1057 2590 1219 2649 eventum.
1255 2581 1327 2645 Dux

224 2664 331 2746 itaque
359 2662 443 2746 regis
472 2663 764 2746 magnanimitatem
792 2661 891 2728 multo
912 2663 1021 2728 favore
1042 2665 1219 2750 excipiens,
1246 2687 1324 2730 exer·

225 2744 332 2825 citum,
358 2742 434 2808 licet
458 2744 636 2828 fatigatum,
667 2755 720 2809 611
748 2758 855 2811 tamen
881 2770 938 2811 sua
965 2747 1161 2832 benignitate
1192 2759 1326 2834 captum,

113 2825 298 2890 ·1›.n1.urbi
318 2826 451 2892 reducit.
481 2828 617 2893 *Urbani
637 2850 712 2893 1610
734 2828 809 2894 belli
830 2851 904 2895 casu
926 2833 1089 2896 exanimes
1113 2834 1214 2896 vitam
1237 2833 1325 2919 depor

224 2918 316 2974 scunt
338 2919 369 2974 61
389 2931 447 2995 pro
469 2911 557 2976 urbis
578 2910 741 2978 illesioneh
763 2913 953 3000 supplicant.
1008 2915 1091 2980 Cum
1113 2926 1222 2980 autem
1245 2939 1325 2982 exer-

224 2994 305 3057 citus
330 2992 442 3058 urbem
469 2996 502 3059 vi
530 2994 625 3061 vellet
651 2997 825 3083 irrumpere
854 3009 886 3064 et
918 2997 1020 3086 spolia
1048 3010 1223 3085 asportare,
1256 3001 1326 3081 dux,

222 3075 331 3142 habita
351 3077 439 3163 apud
460 3101 514 3144 eos
536 3079 741 3163 dissuasione,
768 3083 920 3147 intactam
947 3105 1022 3168 rege
1042 3083 1172 3148 iubente
1194 3083 1253 3149 reli
1275 3086 1328 3149 uit

222 3161 293 3225 Rex
315 3172 421 3227 autem
443 3163 484 3227 ab
506 3161 635 3228 urbanis
658 3165 784 3231 obsides
807 3177 883 3260 quot
897 3166 965 3231 vult
980 3168 1074 3252 capit.
1112 3167 1232 3254 Sicque
1250 3109 1326 3234 duce

222 3246 463 3330 interveniente,
493 3247 570 3312 urbs
597 3249 637 3314 ab
667 3251 823 3315 exercitu¹
852 3249 983 3316 liberata
1005 3261 1061 3314 est.
1104 3251 1148 3314 Et
1169 3253 1229 3318 sub
1251 3273 1327 3339 pace

222 3341 385 3417 sequestra
406 3331 528 3398 obsidio
555 3331 695 3399 solvitur.
738 3336 958 3420 Prosperaque
983 3357 1090 3399 rerum
1116 3336 1246 3400 fortuna
1272 3357 1327 3400 rex

161 3441 210 3486 ese.
222 3436 295 3479 cum
315 3415 395 3482 duce
418 3425 449 3481 et
471 3418 612 3483 exercitu
632 3417 824 3482 Laudunum
845 3419 969 3503 repetit.
1012 3419 1091 3482 Dux
1116 3441 1193 3484 vero
1214 3420 1327 3485 Parisii

220 3510 376 3585 receptus,
398 3502 431 3564 in
452 3501 663 3586 egritudinem
685 3501 813 3582 decidit,
837 3523 900 3600 qua
925 3503 1059 3566 nimium
1081 3503 1225 3585 affectus,
1245 3506 1328 3569 vitae

220 3583 316 3648 finem
337 3585 489 3670 accepit4.
534 3584 746 3670 Sepultusque
768 3596 816 3650 est
840 3609 874 3648 1n
902 3583 1035 3651 basilica
1063 3589 1167 3652 sancti
1188 3588 1328 3652 Dionisii

220 3667 366 3730 martiris.

278 3860 301 3913 6)
323 3873 417 3903 occurre
432 3876 449 3906 0,
523 3864 547 3917 1))
567 3868 795 3908 numerosarum
871 3866 891 3920 0)
915 3870 1017 3910 0116101111
1034 3870 1055 3909 1.
1131 3867 1154 3919 d)
1179 3874 1228 3910 tam
1243 3872 1294 3911 add.
1310 3873 1328 3914 l.

220 3919 243 3971 e)
259 3923 385 4019 {xerpitunp
401 3924 421 3961 1.
488 3921 594 3974 01111611
610 3927 631 3966 1.
698 3925 721 3978 g)
734 3933 784 3976 pose
800 3928 848 3970 add.
915 3927 938 3979 b)
956 3929 1029 3968 salute
1046 3930 1066 3967 1.
1131 3927 1148 3978 i)
1167 3929 1255 3984 601011
1270 3930 1332 3983 aad.)

219 3990 260 4028 pre
277 3989 315 4018 oni
333 3991 395 4021 us.

293 4145 321 4212 1)
340 4148 417 4199 Haec
435 4151 564 4202 Richerus
583 4153 696 4205 addidit.
770 4151 798 4219 2)
818 4171 875 4204 cam
892 4153 987 4220 paucis
1009 4155 1087 4205 Flod.
1164 4155 1193 4222 3)
1214 4160 1277 4211 Η60
1296 4159 1332 4210 de

216 4234 246 4270 16
265 4219 331 4270 nihil
349 4222 427 4274 Flod.
501 4227 527 4290 4)
544 4225 658 4278 Mortem
677 4227 799 4292 Hugonis
819 4229 935 4280 breviter
955 4234 1081 4280 memorat
1100 4229 1180 4283 Flod.
