2820 4824
282 358 437 410 RIOHERI
455 358 707 412 HISTORIARUM
724 359 837 411 LIBER
854 360 907 411 ΙΙΙ.
1120 360 1172 409 107

53 525 215 612 phisicam
243 533 275 588 et
300 522 512 607 theologicam
541 546 719 610 aequaevas
748 525 852 590 eidem
874 527 984 609 generi
1018 526 1233 608 subesse3sso.

57 631 170 674 earum
198 617 305 673 autern
333 629 434 693 genus
468 609 513 672 eis
547 607 721 694 aequaliter
756 610 967 696 participare;
1010 631 1070 674 nec
1103 610 1173 675 fieri

55 714 170 779 posse,
208 713 306 755 unam
338 691 536 776 eandemque
568 693 706 777 speciem
741 714 805 756 una
837 693 1012 791 eademque
1049 696 1172 758 ratione

56 776 164 842 eidem
185 799 200 840 s
225 776 305 840 eciei
327 783 359 839 et
402 796 490 840 arem
512 797 582 840 esse
604 785 636 840 et
653 786 689 840 ut
702 776 883 841 inferiorem
897 799 964 842 acsi
978 779 1088 862 generi
1103 800 1173 864 spe-

56 861 140 926 ciem
162 799 336 924 subiacere.
371 797 416 922 dt
437 880 497 942 ego
520 859 648 944 quidem
671 859 711 923 de
732 859 781 923 his
795 861 840 924 ita
854 861 965 926 sentio.
1003 860 1174 926 Caeterum

56 945 85 1008 si
107 944 179 1030 quis
202 952 313 1007 contra
335 941 414 1008 haec
436 943 616 1024 contendat,
638 943 795 1007 rationem
815 943 888 1007 inde
904 945 1041 1027 affectet,
1063 945 1173 1010 faciat

56 1050 121 1114 que
141 1049 201 1091 nos
215 1024 401 1110 intelligere,
425 1025 512 1112 quod
525 1027 667 1090 fortassis
682 1036 813 1090 naturae
834 1028 935 1113 ipsius
954 1029 1036 1092 ratio
1053 1029 1173 1093 nemini

54 1111 165 1176 adhuc
187 1109 357 1175 contulisse
378 1109 524 1175 videtur’.

385 1265 434 1331 60.
478 1264 705 1351 Philosophiae
728 1265 850 1330 divisio.

141 1383 195 1448 Ad
223 1384 303 1449 haec
332 1385 470 1465 Otricus,
491 1386 642 1449 innuente
668 1393 816 1468 augusto,
845 1386 890 1449 sic
912 1387 969 1450 ait:
1002 1386 1173 1467 ‘Quoniam

53 1467 281 1555 philosophiae
302 1479 408 1615 partes
430 1468 550 1554 aliquot
563 1467 704 1533 breviter
718 1470 860 1556 attigisti,
882 1469 923 1533 ad
937 1469 1066 1555 plenum
1082 1492 1174 1554 opor-

55 1560 104 1617 tet
125 1562 162 1616 ut
183 1560 215 1616 et
236 1551 302 1616 divi
326 1573 361 1616 as
383 1563 415 1616 et
436 1553 625 1616 divisionem
647 1553 773 1617 enodes.
818 1553 935 1638 Sicque
957 1553 1026 1618 fieri
1047 1555 1172 1640 poterit,

54 1645 94 1700 ut
115 1658 159 1700 ex
179 1634 340 1721 probabili
361 1635 516 1700 divisione
537 1637 672 1700 vitiosae
693 1636 816 1785 figurae
839 1637 978 1722 suspicio
993 1659 1013 1701 a
1026 1646 1058 1701 te
1072 1659 1174 1702 remo-

55 1721 190 1785 veatur'.
222 1719 314 1782 Tunc
359 1741 464 1805 uoque
487 1717 709 1784 Gerbertust‘
741 1743 796 1783 um
816 1720 896 1803 hoc’,
919 1722 1031 1807 inquit,
1055 1721 1173 1807 ‘magni

55 1812 193 1884 constet,
214 1812 325 1888 utpote
337 1741 525 1867 sdivinarum
549 1811 580 1866 et
601 1802 812 1867 humanarum
837 1827 943 1868 rerum
969 1805 1174 1892 comprehen-

56 1889 106 1952 sio
128 1888 281 1968 veritatis,
304 1896 420 1968 tamen,
442 1895 478 1950 ut
498 1908 559 1950 nec
581 1909 639 1951 nos
661 1889 810 1972 ignaviae
831 1910 1003 1973 arguamur
1031 1898 1063 1953 et
1085 1889 1174 1952 audi-

55 1981 165 2036 torum
197 1969 296 2055 aliqui
326 1969 483 2056 proficere
518 1971 661 2056 possint,
697 1970 874 2034 secundum
905 1972 1045 2036 Vitruvii
1076 1982 1110 2037 at
1132 1994 1173 2036 ue

54 2054 165 2119 Boetii
187 2054 375 2118 divisionem
397 2052 502 2118 dicere
523 2076 588 2118 non
608 2054 742 2138 pigebit.
784 2054 844 2117 Est
865 2056 949 2118 enim
971 1994 1174 2141 philosophia

54 2160 171 2224 genus.
216 2136 316 2202 Cuius
339 2140 460 2224 species
483 2147 557 2201 sunt
577 2137 717 2223 practice
740 2147 772 2201 et
792 2138 974 2201 theoretice.
1011 2139 1173 2203 Praotioes

54 2244 136 2286 vero
159 2222 281 2306 species
297 2221 369 2285 dico
385 2220 642 2305 dispensativam,
665 2221 910 2300 distributivam,
933 2221 1069 2286 civilem.
1104 2221 1172 2286 Sub

55 2304 232 2371 theoretice
253 2326 328 2368 vero
349 2327 415 2368 non
436 2309 611 2389 incongrue
633 2302 850 2388 intelliguntur
870 2303 994 2388 phisica
1011 2303 1173 2387 naturalis,

56 2389 285 2454 mathematica
306 2387 512 2473 intelligibilis
534 2409 572 2452 ac
594 2386 754 2472 theologia
768 2386 1002 2451 intellectibilis.
1037 2389 1173 2451 Rursus-

55 2495 124 2560 que
134 2473 389 2536 mathematicam
401 2473 461 2537 sub
472 2471 595 2557 phisica
605 2493 669 2535 non
680 2482 786 2557 preter
795 2473 951 2535 rationem
963 2469 1174 2535 collocamus'.

56 2629 110 2693 61.
154 2627 371 2713 Reprehensio
400 2627 563 2692 divisionis
590 2627 632 2693 ab
659 2626 770 2726 Qtrico
797 2626 933 2712 inutilis,
959 2649 997 2691 ac
1025 2625 1175 2693 (herberti

531 2732 705 2796 responsro.

144 2812 306 2898 Nisusquc
335 2812 420 2898 quod
449 2811 608 2898 reliquum
630 2825 698 2879 erat
719 2816 879 2900 prosequi,
912 2813 1040 2879 Otricus
1067 2810 1174 2877 subin·

58 2894 149 2962 tulit:
180 2897 306 2978 ‘Miror',
335 2897 491 2982 inquiens,
519 2896 816 2980 ‘vehementissima
839 2898 925 2983 quod
946 2896 1088 2983 phisicae
1110 2919 1175 2960 ma-

58 2980 265 3044 thematicam
287 2981 333 3044 sic
356 2979 396 3044 de
417 2981 597 3126 propinquo
620 2980 800 3062 subdidisti,
823 3004 901 3070 cunr
911 2983 994 3046 inter
1007 2989 1176 3078 utramque

60 3062 280 3128 subalternum
294 3086 395 3148 genus
410 3065 475 3128 inte
488 3064 544 3148 ligi
558 3065 659 3148 possit
672 3063 870 3150 phisiologia.
886 3065 1046 3129 Vitiosum
1058 3073 1175 3127 etenim

59 3146 156 3212 valde
177 3146 311 3229 videtur,
334 3149 361 3211 si
376 3149 470 3211 nimis
485 3147 580 3231 longe
594 3151 694 3232 petita
709 3168 783 3232 pars
798 3147 840 3210 ad
855 3150 979 3231 generis
996 3147 1177 3212 conferatur

59 3231 269 3298 divisionem'.
302 3230 356 3294 Ad
376 3230 455 3295 haec
472 3230 662 3296 Gerbertus:
684 3229 792 3312 ‘Inde’,
812 3232 925 3314 inquit,
947 3230 1176 3295 ‘vehementius

59 3315 243 3378 mirandum
263 3313 399 3398 videtur,
421 3313 508 3399 quod
528 3313 784 3378 mathematicam
812 3313 963 3398 phisicae,
990 3334 1065 3376 suae
1087 3312 1176 3376 vide-

60 3397 139 3462 lieet
161 3419 308 3480 coaevae,
337 3408 374 3462 ut
401 3421 416 3461 s
440 3400 539 3463 eciem
569 3397 776 3462 subdiderim.
826 3395 909 3461 Cum
939 3398 1024 3460 enim
1057 3416 1175 3459 coevae

60 3479 124 3546 sub
147 3481 260 3546 eodem
281 3504 398 3566 genere
416 3420 609 3563 habeantur,
639 3483 769 3562 maiore,
797 3481 831 3543 in
853 3501 937 3561 uam,
966 3478 1175 3543 admiratione

61 3565 195 3650 dignum
216 3565 351 3647 videtur,
373 3566 401 3629 si
421 3564 512 3630 alteri
532 3563 804 3630 alterasubdatur.
832 3502 907 3628 bed
927 3562 1010 3646 dico,
1025 3559 1175 3647 phisiolo-

86 3651 93 3664 '
116 3672 150 3712 rn
171 3648 311 3734 phisicae
333 3671 433 3734 genus
455 3671 521 3713 non
542 3671 611 3712 esse
633 3647 902 3734 quemadmodum
923 3647 1085 3733 proponis,
1107 3644 1176 3708 nul·

60 3670 191 3817 {iiiique
213 3755 323 3796 earum
345 3732 555 3797 differentiam
570 3731 664 3796 aliam
679 3754 794 3813 assero,
816 3733 879 3796 nisi
894 3753 964 3795 eam
981 3752 1077 3816 quam
1092 3731 1175 3794 inter

61 3814 298 3902 philosophiam
320 3827 351 3880 et
379 3815 586 3901 philologiam
616 3837 785 3900 cognosco.
829 3814 981 3900 Alioquin
1002 3812 1176 3899 philologia

60 3898 282 3986 philosophiae
303 3921 404 3984 genus
426 3900 628 3964 conceditur’.
660 3899 713 3962 Ad
734 3899 813 3964 haec
836 3897 1076 3963 scolasticorum
1096 3895 1176 3960 mul-
1296 3914 1300 3919 ·

61 3983 166 4049 titudo
204 3983 423 4070 philosophiae
463 3983 653 4047 divisionem
701 3985 910 4067 interruptam
949 3980 1177 4066 indignabatur

62 4089 200 4152 eamque
226 4090 261 4132 re
287 4069 328 4131 eti
354 4066 442 4151 apud
468 4077 639 4151 augustum
660 4067 798 4150 petebat.
843 4065 972 4131 Otricus
998 4086 1074 4129 vero
1103 4072 1177 4162 post

62 4150 230 4238 paululum
243 4090 329 4214 idem
344 4150 552 4236 repetendum
565 4149 700 4230 dicebat,
715 4152 804 4234 prius
816 4159 922 4213 tamen
933 4147 1042 4212 habita
1054 4157 1175 4211 ratione
1220 4191 1227 4200 -

63 4236 105 4300 de
134 4256 231 4298 causa
258 4235 359 4320 ipsius
386 4232 612 4319 philosophiae.
655 4233 890 4318 Intendensque
916 4234 949 4295 in
972 4230 1175 4310 (iserbertum,

63 4340 148 4404 quae
171 4328 254 4383 esset
276 4339 372 4382 causa
392 4315 619 4402 philosophiae,
642 4314 871 4380 sciscitabatur.
