2820 4824
186 346 220 399 90
441 343 594 396 aronam
613 341 865 396 HISTORIARUM
883 344 996 396 LIBER
1015 344 1072 396 111.

130 531 180 574 aaa
271 514 301 578 9.
334 511 391 577 Ille
418 512 452 575 in
480 509 581 575 multa
609 533 666 597 spe
696 509 803 574 omnia
855 521 984 592 onenst,
1021 512 1140 598 regina
1172 513 1296 598 conscia,

188 620 261 662 cum
282 596 407 661 duabus
429 592 611 660 cohortibus
627 593 782 680 oppidum
847 597 870 660 ‘t
889 617 937 678 ac,
958 593 1160 661 ducentibus
1174 597 1215 662 iis
1229 618 1296 684 quos

210 682 384 763 remiserat,
417 701 475 764 per
506 678 609 742 locum
640 688 873 765 competentem
893 680 1295 766 nocturnusingreditur1.

187 706 300 830 l'ortas
316 773 348 829 et
362 764 467 829 exitus
483 784 592 828 omnes
616 763 765 849 pervadit
782 782 820 825 ac
835 764 993 846 custodes,
1015 785 1059 828 ne
1075 765 1153 850 quis
1168 764 1295 850 effirgiat,

188 849 330 935 deputat.
366 849 441 934 Ipse
463 847 504 911 ad
526 845 710 911 cubiculum
732 845 880 912 dominae
901 847 1164 913 ferventissimus
1196 849 1294 914 tendit.

187 934 337 1018 Eumque
358 933 529 1016 ingressus,
552 941 685 995 matrem
707 951 781 994 cum
802 931 927 997 duobus
948 932 1032 996 natis
1049 931 1292 1019 comprehendit

187 1015 252 1081 Alii
273 1038 349 1082 vero
372 1015 566 1081 ornamentis
581 1014 782 1100 asportandis
797 1015 994 1080 insistebant
1028 1013 1293 1103 Comprehendit’

188 1111 220 1167 et
254 1098 368 1166 milites
409 1099 628 1200 oppidumque
664 1098 837 1163 succendit
898 1101 970 1181 Quo
1007 1100 1198 1184 combusto,
1233 1121 1292 1164 cun

187 1186 316 1250 domina
338 1194 370 1250 et
390 1193 474 1248 natis
496 1181 713 1268 mrlitrbusque
735 1183 972 1270 comprehensis
993 1182 1036 1248 ad
1058 1185 1212 1270 reginam
1229 1183 1292 1250 Ger·

186 1269 318 1356 bergam
339 1290 484 1333 reversus
506 1276 563 1332 est.

271 1372 320 1435 10.
343 1369 439 1450 Quod
450 1371 634 1454 Ragenerus
649 1368 856 1454 comperiens,
871 1377 959 1434 tanta
970 1370 1167 1435 necessitate
1182 1370 1291 1452 ductus,

186 1456 380 1535 Brunonem,
406 1453 536 1518 fratrem
558 1454 696 1538 reginae,
719 1451 869 1537 postulat,
897 1462 934 1517 ut
960 1462 1084 1518 mature
1109 1453 1293 1541 colloquium

188 1561 250 1626 quo
280 1537 390 1604 iubeat
417 1538 529 1622 regina
557 1538 777 1619 constituatur,
806 1535 863 1600 ubi
891 1537 960 1622 ipse
987 1559 1127 1602 uxorem
1157 1549 1190 1604 et
1214 1547 1292 1603 natos

187 1622 321 1709 recipiat
358 1629 390 1686 et
416 1621 528 1706 regina
556 1621 651 1685 aedes
679 1630 710 1685 et
738 1620 850 1706 predia
877 1631 1027 1685 resumat.
1080 1621 1183 1703 Quod
1211 1623 1293 1688 etiam

189 1716 305 1771 statuto
326 1714 470 1803 tempore
485 1704 604 1769 factum
619 1713 676 1769 est.
708 1703 791 1768 Nam
806 1702 922 1769 habitis
936 1705 1099 1791 utrimque
1114 1707 1293 1788 rationibus,

190 1812 224 1854 re
248 1790 302 1853 ina
328 1809 348 1852 a
376 1797 499 1852 trranno
522 1788 634 1874 predia
662 1789 793 1876 recepit,
824 1797 855 1853 et
882 1789 953 1874 ipse
974 1811 1111 1854 uxorem
1153 1800 1187 1856 et
1214 1798 1292 1854 natos

190 1812 370 1957 militesque
386 1872 535 1937 reduxit⁰
548 1919 1281 1940 ...............
1283 1882 1292 1918 ¹

129 1999 178 2040 sss.
274 1977 323 2040 11.
356 1973 417 2038 His
438 1975 483 2040 ita
503 1973 612 2060 gestis,
632 1972 805 2039 Rotbertus
827 1974 999 2039 Trecarum
1026 1976 1141 2060 prince
1168 2000 1192 2059 s,
1214 1976 1293 2041 Heri·

189 2061 270 2127 berti
298 2059 415 2124 tiranni
440 2057 538 2140 filius,
568 2058 714 2143 Hugonis
742 2080 817 2124 vero
845 2055 985 2122 abdicati
1009 2058 1123 2140 frater,
1185 2060 1292 2125 othario

189 2145 279 2230 regid
300 2144 449 2208 iniuriam
470 2142 531 2207 hac
553 2150 621 2207 arte
635 2141 761 2206 molitus
783 2152 840 2208 est.
877 2140 1046 2207 castrums
1068 2145 1200 2230 regium
1221 2142 1293 2230 quod

189 2229 311 2295 Divion
333 2228 458 2310 dicitru,
486 2249 577 2292 secus
601 2225 755 2291 Oscaram
781 2235 952 2291 torrentem
974 2226 1178 2312 conditume,
1207 2226 1293 2292 multa

191 2313 363 2399 cupiditate
386 2311 521 2394 sitiebat,
548 2333 585 2376 eo
615 2309 701 2396 quod
729 2333 787 2396 per
816 2332 899 2392 eum,
928 2310 956 2373 si
982 2310 1016 2374 id
1044 2309 1166 2377 habere
1189 2321 1292 2400 posset,

190 2399 344 2484 optimam
372 2395 579 2480 Burgundiae
611 2403 734 2480 partem
767 2392 809 2457 ad
841 2416 933 2459 suum
962 2395 1012 2458 ius
1040 2396 1180 2460 transire
1212 2415 1292 2483 posse
1333 2424 1335 2429 ·

190 2480 411 2547 arbitrabatur.
453 2479 548 2544 Illum
569 2480 676 2564 itaque
699 2479 755 2564 qui
783 2488 888 2543 castro
916 2500 1045 2564 preesse
1071 2479 1245 2546 videbatur
1262 2477 1293 2543 da

76 2597 116 2652 ·„
132 2565 366 2648 ⁸12,transf11gio
388 2562 431 2626 ad
450 2571 521 2627 'sese
544 2566 619 2649 ‘per
639 2561 762 2647 legatos
780 2561 841 2627 allo
866 2563 960 2645 uitur,
982 2560 1121 2648 plurima
1144 2563 1293 2650 spondeus

192 2658 224 2714 et
233 2649 356 2712 maiora
367 2646 425 2711 sub
437 2645 640 2710 iureiurando
652 2645 815 2730 pollicens.
879 2645 946 2733 pud
962 2668 1071 2731 regem
1083 2668 1149 2733 quo
1176 2671 1216 2714 ue
1227 2643 1293 2712 mul·

191 2742 257 2796 tam
285 2751 391 2795 rerum
419 2729 561 2814 inopiam
590 2750 750 2812 asserens,
782 2729 871 2816 apud
903 2751 972 2794 sese
1003 2752 1080 2795 vero
1110 2754 1125 2795 s
1188 2733 1293 2798 cientes

193 2836 280 2901 opes,
303 2812 423 2912 oppida
443 2811 594 2876 nonnulla
614 2811 740 2898 aliaque
766 2813 1023 2879 desiderabilium
1051 2814 1195 2900 insignia
1213 2813 1293 2880 vehe

193 2899 387 2963 mentiss1me
409 2906 597 2981 protestans.
641 2896 732 2961 Tunc
753 2898 877 2963 iuvenis
891 2920 997 2964 rerum
1012 2899 1168 2983 cupidine
1183 2908 1293 2986 captus,

192 3004 251 3070 pro
273 2979 449 3064 transfugio
471 2980 650 3046 mercedem
679 2983 811 3068 quaerit
860 2980 976 3047 Atilii
1004 2981 1164 3048 mercedis
1190 3001 1294 3048 nomen

192 3065 331 3132 edicunt.
364 3063 420 3129 Ille
430 3086 507 3129 vero
523 3087 564 3129 ex
578 3067 743 3152 promissis
756 3065 976 3130 iusiurandum
990 3064 1131 3150 postulat
1145 3068 1294 3154 capitque

192 3151 235 3216 Et
265 3159 410 3235 tempore
442 3169 582 3236 congruo
615 3150 776 3214 tirannum
808 3172 882 3214 cum
909 3147 1009 3214 multa
1039 3148 1181 3215 militum
1210 3169 1295 3215 manu

192 3237 275 3300 intra
307 3233 462 3321 oppidum
492 3235 622 3321 excipit,
650 3256 688 3298 ac
717 3256 785 3299 sese
815 3234 845 3301 ei
872 3234 1087 3315 committens,
1118 3234 1219 3300 fidem
1246 3253 1294 3334 pro

192 3319 305 3386 militia
333 3319 564 3384 accommodat.
613 3319 752 3382 Pervaso
783 3328 890 3382 autem
919 3317 1048 3404 oppido,
1076 3319 1161 3404 regii
1191 3318 1295 3383 mihtes

193 3401 419 3470 contumeliose
440 3401 611 3490 pelluntur.
652 3402 858 3488 Deputantur
878 3423 955 3466 vero
977 3401 1023 3465 ibi
1045 3401 1163 3466 milites
1180 3400 1295 3468 tiranni.

277 3507 326 3570 12.
358 3504 501 3570 Perlatas
528 3515 601 3570 sunt
621 3504 701 3568 haec
728 3503 770 3567 ad
797 3526 915 3589 regern.
964 3502 1036 3567 Rex
1061 3524 1140 3568 vero
1161 3501 1297 3570 Brunoni

192 3588 349 3654 avunculo
364 3588 485 3674 legatos
500 3589 618 3737 diripit,
639 3588 747 3673 copias
762 3586 803 3652 ab
819 3609 857 3652 eo
877 3585 1050 3674 postulans.
1080 3586 1151 3653 Nec
1165 3597 1297 3654 moratur

192 3674 325 3738 Brunoss
353 3680 383 3736 et
405 3696 478 3736 cum
500 3673 563 3737 duo
588 3695 625 3736 us
650 3671 778 3737 milibus
810 3681 1005 3736 armatorum
1027 3693 1069 3736 ex
1089 3671 1227 3757 Belgica
1247 3683 1297 3739 ter·

192 3759 283 3820 ramh
305 3757 420 3821 tiranni
442 3766 578 3842 occupat
606 3756 782 3841 urbemque
814 3756 1020 3820 Trecasinam
1050 3756 1220 3822 obsidione
1248 3755 1298 3821 cir·

252 3917 275 3969 a)
289 3923 339 3968 post
354 3918 406 3957 add.
467 3917 489 3969 b)
507 3919 737 3968 comprehenduntur
753 3921 774 3959 1.
843 3917 863 3970 c)
880 3919 918 3965 tic,
934 3919 996 3968 ripae
1011 3919 1127 3972 indicante,
1144 3921 1224 3970 aliqua
1237 3921 1299 3960 dcem

191 3977 298 4016 rideam.
359 3975 381 4027 d)
399 3977 462 4026 regio
480 3979 500 4017 1.
560 3977 581 4030 e)
598 3980 666 4019 situm
684 3979 703 4020 1.
756 3977 815 4030 ota
830 3978 875 4017 loco
890 3989 949 4017 raso.
999 3975 1022 4029 g)
1039 3979 1067 4018 B.
1083 3989 1101 4019 e.
1168 3978 1193 4029 h)
1211 3981 1236 4020 tn
1249 3983 1267 4020 t.
1281 3978 1299 4016 1.

269 4107 296 4175 1)
317 4109 421 4162 Similia
439 4108 517 4160 Flod.
537 4125 562 4160 a.
582 4110 645 4160 949.
665 4109 698 4161 (10
718 4109 848 4161 Lauduno
869 4114 947 4176 capto
966 4109 1055 4162 refert.
1136 4108 1168 4179 2)
1189 4111 1300 4164 Plurinn

190 4197 320 4233 annorum
340 4183 450 4234 historia
468 4185 656 4250 praetermissa
670 4189 717 4247 est,
736 4199 815 4250 quam
827 4184 855 4233 in
868 4183 932 4234 folio
948 4187 1039 4235 assuto
1052 4183 1207 4252 suppletam
1219 4185 1300 4242 aare.

191 4255 336 4307 verisimile
356 4262 404 4308 est.
496 4256 524 4320 3)
545 4257 668 4308 Divionis
688 4257 909 4324 expugnationem
929 4256 970 4308 bis
989 4262 1079 4309 narrat
1098 4256 1179 4312 Flod.
1201 4275 1226 4311 a.
1244 4255 1300 4309 959.

190 4336 221 4381 et
239 4330 301 4390 960,
320 4330 371 4382 hoc
391 4346 460 4382 anno
479 4330 572 4382 urbem
591 4329 653 4383 dolo
673 4336 778 4398 captam
797 4330 922 4382 referens.
1039 4366 1041 4370 ι
