2828 4814
52 518 54 552 l

52 684 55 709 l

333 315 487 371 menam
503 315 758 370 merome!
775 316 887 369 Lm
903 318 958 370 ΠΙ.
1182 320 1218 370 2⁶

140 479 213 548 silvas
237 492 266 549 et
290 504 423 571 pascua,
450 484 564 549 vinem
582 505 623 547 sc
648 485 829 569 pomerio,
853 504 1009 551 comentes
1035 504 1067 552 et
1093 509 1110 550 s
1224 507 1277 548 aa

138 564 219 664 ⁴Cestii
246 574 372 655 quoque
406 565 552 632 illorum·
586 569 773 632 munitatem
807 567 1018 658 tillsmmque
1052 504 1217 637 libem

135 659 198 716 mlta
214 662 242 718 et
260 661 352 718 extra
377 660 586 738 potestatem,
613 651 743 717 tandem
763 653 859 717 ctiam
880 677 931 719 res
952 677 1064 720 omnes
1083 654 1217 722 mobiles

135 743 207 822 alque
223 734 390 801 inmobiles
410 736 509 801 vestri
528 733 726 821 apostolatus
770 738 778 751 ’
797 822 805 834 ⁸
826 738 885 800 'tas
905 737 1019 803 solidet
1032 760 1129 838 atque
1143 762 1217 804 con·

52 868 55 876 .
134 817 220 886 limet
265 818 442 886 Abbatiam
473 840 602 906 quoqne
633 821 735 883 sancti
795 819 925 885 nmotbei
957 825 1104 905 mamria
1134 847 1216 911 quse

52 951 55 960 .
133 904 208 968 nosti
224 904 301 970 iuris
321 925 393 970 esse
412 901 550 982 videtur,
570 901 631 967 snb
652 905 751 967 vestri
771 906 932 989 presentia
953 905 1130 993 bonumque
1150 911 1216 995 epi·

52 1019 54 1058 !
132 1007 275 1074 stuporum
294 988 476 1053 testimonio
496 988 543 1052 eis
563 987 714 1067 concedo,
735 1004 771 1051 nt
785 986 859 1050 inde
873 987 1069 1072 pauperibus
1083 990 1215 1055 admini-

52 1080 53 1141 ἶ
131 1078 222 1136 suam
240 1081 272 1137 et
291 1072 448 1136 memoria
473 1071 576 1135 nostri
595 1072 698 1136 servis
719 1071 783 1134 Dei
809 1072 843 1133 in
870 1069 1025 1135 coenobio
1052 1072 1214 1138 habeatur.

129 1152 215 1221 llaee⁶
236 1157 244 1171 ’
269 1157 332 1221 ‘tur
345 1153 563 1242 superioribus
576 1153 686 1219 addita
700 1156 734 1217 in
748 1156 797 1218 ius
809 1154 945 1239 predicti
960 1156 1062 1219 sancti
1077 1172 1216 1222 manseat

129 1247 201 1326 etque
219 1178 304 1304 ilffus
347 1241 457 1325 ropria
484 1250 593 1302 vestra
619 1237 765 1303 similiter
785 1239 972 1304 auctoritate
993 1238 1214 1305 contirmetnr'.

189 1324 237 1389 27.
278 1322 312 1388 A
360 1323 441 1388 baec
466 1322 605 1388 domnus
631 1344 731 1421 papa:
763 1324 857 1403 ‘Res’,
885 1324 1003 1410 inquit,
1030 1323 1149 1387 ‘domni
1176 1348 1214 1389 ac

156 1409 230 1472 troni
255 1407 382 1473 nostri‘l
412 1407 552 1492 Remigii
580 1420 682 1471 nostn
708 1405 905 1493 apostolatum
931 1408 1088 1473 sententia
1118 1408 1213 1475 stabi·

135 1488 161 1506 '⁶
177 1499 258 1557 tutas
282 1514 323 1556 ue
343 1491 379 1555 in
398 1501 590 1578 perpetuum
611 1490 690 1571 fieri,
711 1492 789 1578 quin
810 1493 906 1556 etiam
925 1491 965 1557 de
983 1506 1039 1558 tuo
1061 1492 1216 1580 quicquid

122 1571 209 1659 pbeet
228 1515 314 1658 adbi,
335 1573 544 1641 libentissime
565 1572 717 1639 concedo.
749 1575 877 1662 Scripto
899 1576 1051 1642 etiamid
1072 1577 1215 1642 roborari

121 1678 171 1725 non
188 1659 291 1726 solum
312 1682 394 1740 mea,
414 1668 464 1725 set
484 1670 517 1724 et
536 1657 652 1722 horum
666 1659 721 1743 qui
735 1659 852 1724 adsunt
867 1662 1092 1761 episcoporum
1106 1674 1214 1728 aucto·

119 1743 197 1809 ritate
233 1744 413 1809 eonstituo'.
472 1741 616 1828 Moxque
659 1743 813 1830 scriptum
846 1745 886 1809 iri
916 1747 1009 1811 iussit
1046 1767 1215 1835 coramque

118 1828 255 1915 scriptum
275 1827 341 1912 legi
360 1826 515 1914 precepit

184 1913 236 1978 28.
279 1911 383 1977 Cuius
402 1920 510 1976 textus
530 1908 714 1975 huiusmodi
735 1920 798 1974 est:
823 1910 989 1976 ‘Iohannes
1011 1936 1121 1979 servus
1151 1938 1215 1980 ser-

52 2022 55 2041 ι
115 2014 213 2060 vorum
236 1994 321 2061 Dei⁸
351 2041 1191 2062 .................
1204 2012 1212 2045 ¹

183 2079 235 2144 29.
278 2077 377 2160 Quod
404 2079 439 2142 in
469 2076 601 2142 auribus
632 2078 773 2140 omnium
801 2078 856 2162 qui
883 2077 1016 2142 aderant
1040 2079 1215 2165 perlectum

110 2162 195 2249 sigilli
209 2163 260 2228 sui
273 2172 352 2227 nota
363 2162 529 2248 insignivit
542 2172 637 2247 atque
657 2184 674 2225 c
698 2161 817 2258 iscopis
831 2160 1046 2224 roborandum
1062 2164 1214 2246 porrexit.

109 2244 227 2329 Quibus
249 2247 358 2332 gestis,
384 2243 648 2333 metropolitanus
675 2184 785 2307 domm
806 2264 910 2329 papae
931 2254 1027 2328 atque
1050 2245 1214 2331 episcopo-

105 2352 170 2397 tum
190 2330 321 2396 licentia
339 2330 512 2416 digressus,
535 2327 649 2393 Galliis
663 2349 732 2391 sese
752 2329 881 2412 recepit,
904 2326 1088 2414 directoque
1103 2329 1214 2393 itinere

104 2415 203 2481 saneti
235 2413 373 2501 predicti
400 2437 434 2480 se
458 2413 604 2478 ulchrum
633 2409 767 2474 devotus
793 2411 885 2495 petiit
909 2411 940 2475 ei
963 2433 1003 2476 ue
1024 2413 1058 2475 in
1080 2410 1213 2498 collegio

102 2497 330 2565 monachorum
358 2437 561 2585 privbbgium
590 2496 652 2560 sori
675 2504 743 2559 tum
764 2492 891 2579 legavit
970 2495 1084 2561 onacbi
1106 2495 1214 2561 datum

102 2584 321 2671 excipientes,
359 2582 489 2646 archivo
526 2602 640 2645 servan
663 2602 718 2644 um
749 2578 902 2645 mandant
938 2582 1122 2670 gratiasque
1154 2603 1213 2669 pro

99 2677 188 2736 tanta
208 2666 396 2733 liberalitate
418 2665 566 2730 decenter
585 2664 781 2752 impertiunt.

98 2789 149 2856 30.
194 2785 291 2868 Quod
317 2783 478 2850 Adalbero
504 2785 726 2871 privilegiuml
752 2787 785 2850 in
817 2785 949 2852 sinodos
967 2786 1008 2853 ab
1037 2787 1217 2875 episcopiss

530 2868 666 2933 firmarif
684 2869 784 2934 faciet

182 2972 245 3037 His
267 2973 313 3036 ita
332 2970 459 3052 habitis,
486 2978 559 3055 post
580 2991 638 3033 sex
659 2972 837 3035 mensium²
859 2983 923 3038 tem
948 2995 985 3038 us
1006 2973 1048 3038 ad
1069 2975 1212 3040 Montem

98 3056 240 3124 Sanctae
262 3055 448 3135 Mamaos-³,
471 3053 526 3138 qui
546 3050 636 3116 locus
658 3061 707 3118 est
725 3054 899 3118 Remorum
946 3057 1144 3140 coetaneus,
1170 3057 1211 3123 ab

96 3141 214 3207 eodem
235 3137 475 3225 metropolitano
503 3134 635 3200 sinodus
660 3137 884 3222 episcoporum
905 3137 1014 3203 habita
1035 3149 1091 3205 est.
1136 3142 1212 3221 Qui-

95 3225 159 3292 bus
182 3221 431 3304 considentibus,
452 3227 526 3306 post
547 3217 705 3306 quaedam
727 3220 838 3284 sinodo
860 3220 950 3285 utilia
971 3231 1067 3307 atquo
1084 3234 1212 3290 sanotae

97 3307 273 3375 aecclesiae
302 3304 478 3387 commoda,
506 3300 767 3390 metropolitanus
799 3325 906 3368 coram
928 3304 974 3368 sic
1005 3306 1211 3370 concionatus

97 3393 157 3459 ait:
187 3392 374 3474 Quoniam,
402 3399 509 3476 patres
536 3385 712 3469 reverendi,
741 3388 845 3472 gratia
874 3388 975 3451 saneti
997 3389 1136 3474 Spiritus
1159 3389 1211 3454 hic

98 3474 223 3542 collecti
245 3497 363 3554 sumus,
386 3487 418 3541 et
439 3495 521 3561 quae
543 3473 583 3539 de
605 3480 689 3537 statu
710 3480 838 3536 sanctae
860 3470 1034 3538 aecclesiae
1051 3472 1122 3536 visa
1137 3483 1210 3539 suut

98 3559 189 3627 utilia
215 3559 448 3641 ordinavimus,
476 3567 574 3624 restat
600 3555 705 3622 adhuc
732 3578 782 3620 res
809 3554 888 3619 mihi
916 3554 996 3621 adeo
1024 3554 1154 3643 placens
1180 3565 1211 3622 et

98 3642 260 3710 nonnullis
288 3650 414 3707 nostrae
441 3641 610 3708 aecclesiae
638 3640 710 3706 filiis
739 3661 824 3704 nuno
847 3649 878 3706 et
899 3639 933 3703 in
954 3649 1117 3726 posterum
1139 3663 1210 3728 pro-

157 3788 181 3841 a)
197 3788 302 3840 pemeria
316 3799 335 3830 e.
394 3783 419 3836 b)
432 3793 483 3836 post
497 3788 547 3830 aad.
607 3785 629 3840 o)
645 3787 711 3828 Hanc
729 3810 755 3818 -
771 3786 873 3827 additam
890 3787 910 3825 1.
977 3784 1000 3838 d)
1017 3787 1053 3828 sie.
1114 3785 1136 3841 s)
1153 3800 1212 3830 mem·

98 3847 235 3950 quqb'qai
254 3846 432 3957 atqqohppposito
447 3847 522 3886 oberto
536 3847 625 3888 inscribi
640 3847 717 3898 debuit
731 3848 778 3899 jem
793 3846 874 3888 occidit.
960 3843 977 3897 l)
999 3845 1039 3898 ivl,
1060 3846 1119 3901 slno,
1141 3849 1160 3889 ls
1175 3850 1209 3903 tir,

175 4007 202 4075 1)
222 4005 292 4060 Jafft
316 4009 362 4060 Nr.
383 4007 463 4071 2884,
489 4007 579 4060 datum
605 4009 631 4061 d.
655 4010 698 4063 24.
718 4008 802 4078 April.
827 4024 851 4061 a.
872 4008 934 4061 972.
1028 4008 1056 4073 2)
1082 4007 1159 4060 Haeo
1185 4016 1211 4061 et

98 4098 215 4149 sequens
240 4087 387 4149 temporum
406 4087 485 4133 notae
511 4098 545 4133 an
565 4087 653 4134 certae
672 4084 733 4148 sint,
753 4082 867 4134 dubitari
887 4086 983 4149 potest.
1076 4080 1105 4148 8)
1124 4080 1210 4133 Mout-

99 4155 305 4218 botre-Dama,
329 4156 357 4206 iu
381 4171 452 4224 pago
478 4153 642 4206 Tardanensi
668 4153 840 4221 (Tertlonola)
865 4154 899 4207 ab
924 4155 1024 4207 oritate
1051 4158 1077 4205 ot
1099 4154 1210 4205 merldle

99 4229 284 4289 Suessionum,
312 4245 394 4298 prope
420 4231 508 4281 vicum
533 4227 679 4283 Baroches.
726 4230 851 4281 domnum
878 4232 979 4299 partem
1002 4226 1101 4295 prlmm
1126 4225 1211 4278 edidit

98 4300 263 4361 Haeduinus,
282 4299 364 4356 Cone.
383 4305 431 4369 VI,
453 4305 476 4365 1,
496 4320 522 4370 p.
543 4300 595 4351 687
614 4297 689 4368 (inde
707 4300 794 4355 Manat
814 4300 899 4365 xlx).
