2820 4824
355 377 509 430 RICHERI
528 377 779 432 HISTORIARUM
799 379 909 433 LIBER
928 382 966 433 ΙΙ.
1165 368 1208 436 ’65

95 553 269 610 consecuta
298 546 376 609 est*.
421 545 589 626 Quomodo
623 547 706 610 enim
751 557 834 612 reter
862 570 913 612 me
942 550 1121 613 necessaria
1149 552 1209 617 tibi
1218 569 1268 611 ers.

95 651 136 692 ac
158 628 297 714 gloriosa
318 631 485 714 provenire
507 630 683 695 arbitrare?
759 629 870 713 ultum,
899 631 1057 717 inquam⁸,
1087 632 1147 698 tibi
1175 635 1209 698 in
1272 635 1274 639 ’

95 713 159 776 hoc
181 711 370 797 derogatum
393 721 449 776 est.
496 713 565 776 Iam
588 715 770 778 memineris
781 727 802 796 ¹,
824 723 855 779 te
877 715 981 779 virum
1003 737 1081 782 esse.
1125 716 1208 782 (lon-

95 796 218 861 sideres
247 817 385 943 quoque,
418 796 496 882 quid
524 805 597 862 tuae
625 799 740 862 rationi
767 798 971 863 commodum
998 801 1047 865 sit.
1091 800 1208 887 Sicque

95 881 199 946 virtus
220 901 253 944 re
278 891 338 962 eat,
366 881 422 944 utl
451 882 484 943 in
511 879 758 946 benivolentiam
786 904 844 946 nos
871 893 1015 964 revocet3
1051 893 1082 949 te
1110 885 1208 972 impe-

94 975 222 1029 rantem
244 975 276 1028 et
296 985 348 1029 me
370 962 556 1030 militantem
565 977 586 1046 ⁰,
609 987 667 1052 per
687 989 738 1030 me
761 968 856 1031 etiam
878 966 933 1030 reli
959 989 1016 1030 uos
1038 967 1208 1034 militatum

95 1047 156 1112 tibi
177 1047 318 1111 reducat.
361 1047 404 1112 Et
426 1049 500 1133 quia
520 1071 578 1112 rex
600 1070 619 1111 a
640 1072 691 1113 me
714 1059 847 1132 creatus,
875 990 957 1113 nihil
976 1049 1053 1114 mihi
1074 1051 1208 1216 Ιπᾷἰωε

96 1154 142 1209 es,
156 1131 349 1195 Laudunum
364 1130 474 1196 saltem
490 1131 661 1197 militaturo
676 1131 848 1198 liberaliter
861 1135 1078 1203 accommoda.
1143 1138 1208 1201 uod

95 1217 194 1281 etiam
216 1237 314 1279 causa
335 1216 395 1280 erit
415 1215 491 1280 fidei
513 1216 705 1284 servandae'.
739 1217 821 1299 Rex,
844 1227 954 1304 utpote
969 1229 1090 1304 captus,
1113 1219 1207 1285 dictis

95 1298 315 1398 proloquentis
338 1300 442 1365 cessit.
475 1300 568 1364 Unde
584 1310 615 1365 et
630 1300 789 1383 dimissus,
812 1301 887 1366 data
901 1301 1089 1384 Laudunol,
1114 1302 1208 1368 Oom-

95 1381 207 1470 pendis
230 1405 298 1447 sese
319 1384 441 1469 recepit
451 1394 472 1447 ².
515 1383 616 1448 Adest
644 1384 810 1470 Gerberga
837 1387 947 1471 regina
972 1384 1071 1450 multa
1092 1388 1208 1453 virtute

95 1466 323 1533 memorabilis.
374 1467 501 1532 Adsunt
530 1490 656 1555 quoque
682 1468 802 1554 aliquot
831 1491 872 1534 ex
893 1468 1025 1555 Belgica
1053 1473 1207 1558 episcopi.

95 1541 273 1616 Oonfluuni
295 1551 390 1615 etiam
412 1552 471 1615 viri
493 1550 628 1616 illustres
650 1552 803 1617 nonnulli.

180 1673 232 1737 52.
265 1671 471 1753 Querimonia
495 1672 580 1757 regis
602 1672 689 1758 apud
710 1674 869 1758 privatose
896 1673 935 1738 de
956 1673 1123 1760 Hugonise

529 1758 777 1842 persecutiones
923 1841 927 1847 ⁸

180 1857 279 1943 Apud
301 1879 381 1943 quos
409 1858 504 1922 etiam
530 1881 588 1922 rex
616 1858 665 1922 his
691 1858 798 1922 verbis
826 1869 1019 1945 conquestus
1047 1871 1103 1926 est.
1147 1859 1206 1926 Et:

94 1941 167 2005 ‘Eia
190 1941 260 2023 tu’f,
287 1941 444 2027 inquiens,
467 1940 588 2027 ‘Hugol
612 1942 674 2005 Eia
695 1942 749 2007 tuf
767 1942 882 2027 Hugo!
911 1943 1047 2023 Quantis
1070 1943 1163 2008 bonis
1185 1967 1205 2008 a

94 2035 127 2090 te
148 2025 302 2123 privatus,
325 2026 451 2110 quantis
466 2024 557 2089 malis
574 2025 716 2100 affectus,
738 2035 857 2111 quanto
872 2027 967 2090 etiam
983 2049 1105 2092 merore
1120 2050 1205 2092 nunc

93 2107 257 2173 detineor!
301 2108 422 2174 Urbem
454 2109 626 2174 Remorum
658 2111 835 2194 pervasisti.
889 2110 1081 2174 Laudunum
1113 2113 1207 2175 surri-

118 2192 203 2257 uisti.
247 2192 307 2256 His
328 2202 450 2256 tantum
472 2192 597 2256 duobus
613 2193 799 2278 recipiebar,
821 2193 870 2256 his
885 2192 1011 2258 duobus
1026 2192 1206 2258 claudebar.

94 2215 193 2342 l'ater
213 2299 304 2341 meus
326 2287 439 2362 captus
460 2287 555 2362 atque
581 2277 615 2340 in
640 2298 799 2340 carcerem
827 2286 941 2358 trusus,
973 2277 1029 2340 has
1052 2298 1133 2362 quae
1154 2300 1206 2342 me

98 2371 247 2446 premunt
268 2381 435 2425 aerumnas
464 2381 538 2423 cum
565 2361 672 2424 anima
699 2360 792 2424 simul
820 2361 934 2424 amisit.
976 2361 1047 2445 Ego
1068 2382 1143 2424 vero
1171 2361 1205 2424 in

99 2441 213 2509 eadem
232 2445 449 2531 precipitatus,
473 2467 514 2508 ex
535 2466 633 2529 regno
656 2455 788 2530 paterno
809 2442 887 2506 nihil
908 2443 969 2506 nisi
989 2442 1205 2530 spectaculum

100 2527 248 2626 probeo&
290 2529 360 2592 Iam
381 2550 440 2592 nec
462 2529 569 2593 vivere
591 2528 677 2610 libet,
710 2551 769 2592 nec
799 2528 899 2592 emori
927 2525 1010 2592 licet.
1060 2527 1132 2608 Quo
1154 2549 1205 2592 me

96 2619 206 2698 itaque
227 2612 415 2677 conferam'?
437 2613 621 2698 Paransque
644 2612 780 2698 amplius
803 2611 962 2697 conqueri,
984 2610 1024 2676 ab
1040 2611 1206 2696 indignan-

88 2693 184 2762 tibus
211 2695 363 2760 inhibitus
393 2706 449 2762 est.
501 2697 626 2762 Deinde
655 2699 796 2761 animum
821 2704 1010 2781 temperans,
1039 2694 1205 2760 consilium

94 2801 171 2844 cum
193 2781 259 2844 suis
281 2780 411 2845 confert.

88 2928 91 2937 ,
180 2864 233 2928 53.
266 2864 338 2944 Quo
368 2863 491 2944 collato,
525 2863 636 2929 Ottoni
666 2864 734 2948 regi
766 2886 823 2948 per
854 2862 976 2947 legatos
1008 2865 1203 2949 ereptionem

93 2968 189 3012 suam
211 2946 421 3030 demonstrat3
447 2957 541 3012 antea
561 2970 630 3014 sese
652 2956 790 3032 captum,
818 2968 902 3010 nunc
930 2957 1035 3012 autem
1057 2946 1203 3012 omnibus

87 3031 191 3097 bonis
213 3031 372 3116 privatum
400 3041 617 3113 memorans⁴3
650 3031 734 3096 unde
761 3041 796 3113 et,
816 3032 920 3095 amico
949 3029 1104 3094 auxilium
1132 3053 1205 3095 eon-

95 3113 195 3196 ferat3
228 3113 323 3180 urbes
352 3116 486 3178 amissas
515 3124 657 3202 repetere
679 3116 783 3196 iuvet3
816 3115 844 3178 si
871 3113 905 3178 id
933 3113 1043 3196 faciat,
1069 3116 1205 3201 gratiam

96 3196 232 3263 multam
253 3221 322 3264 sese
336 3198 411 3264 inde
425 3208 747 3285 recompensaturum.
791 3197 867 3262 Otto
882 3196 1108 3283 benignissime
1122 3197 1207 3282 lega-

96 3283 219 3348 tionem
241 3284 414 3369 exoipiens,
440 3304 513 3347 cum
542 3283 642 3369 copiis
671 3282 817 3364 in-regis
844 3279 999 3345 auxilium
1027 3304 1060 3346 se
1089 3284 1207 3346 iturum
1258 3363 1260 3367 y

97 3365 236 3452 spondet
272 3387 310 3431 ac
341 3377 466 3453 tempus
499 3366 605 3432 edicit.
663 3365 776 3450 Legati
812 3363 945 3429 redeunt
986 3387 1024 3430 ac
1057 3365 1208 3430 mandata

97 3449 248 3515 refenmt.
303 3449 370 3515 Nec
398 3452 503 3515 minus
533 3459 564 3515 et
588 3450 651 3515 aba
679 3472 754 3534 rege
783 3446 1029 3513 Genaunorum⁵
1059 3447 1206 3514 Conrado

88 3533 211 3621 ,copias
232 3535 314 3620 petit
335 3545 366 3600 et
387 3535 513 3620 accipit.

88 3681 92 3691 ’
174 3693 199 3762 *)
219 3695 358 3760 Quomodo
378 3699 537 3749 animatam
559 3701 653 3764 potest,
679 3711 758 3763 quern
776 3695 899 3747 socordia
923 3695 1066 3762 precipitat
1091 3693 1155 3746 add.
1177 3696 1209 3759 1;

221 3770 317 3822 desunt
336 3768 412 3821 enam
431 3770 505 3836 apud
528 3767 707 3821 Tritbemium.

160 3895 184 3948 a)
198 3902 249 3947 port
264 3898 313 3938 add.
372 3895 396 3948 b)
412 3907 471 3947 quse
488 3899 507 3938 1.
526 3897 592 3938 Trr'tt.
653 3895 879 3946 c)m.componatt.
932 3893 1209 3947 praedicaremus

98 3954 123 4007 a)
140 3957 185 4007 pri,
201 3957 292 4008 ugonis,
308 3967 337 3997 ne
353 3957 409 3999 abac.
468 3954 485 4007 f)
501 3959 523 3996 te
541 3957 560 3996 1.

178 4066 207 4134 1)
226 4070 316 4121 Verba
330 4075 391 4121 sunt
404 4069 520 4131 Sallusti,
538 4067 617 4120 Catil.
630 4085 651 4118 c.
664 4067 707 4117 44.
770 4067 799 4134 2)
819 4068 896 4118 Haec
910 4066 1046 4118 Richards.
1104 4064 1133 4132 3)
1150 4065 1209 4116 Sal·

100 4142 212 4194 lustiam
236 4144 369 4207 imitatur,
391 4144 451 4208 Ing.
478 4158 500 4193 c.
523 4142 570 4204 15,
595 4142 639 4193 23.
659 4141 702 4192 24.
785 4138 814 4205 4)
840 4139 1019 4203 alodarius,
1045 4139 1209 4203 tietbergam
1243 4155 1248 4163 ·

100 4217 225 4281 reginam
245 4217 350 4268 Ottonis
370 4216 496 4268 auxilium
516 4214 679 4281 implorasse,
700 4219 797 4265 narrat.
880 4210 910 4280 5)
937 4210 1040 4264 Galliac
1059 4209 1209 4276 Oiaobpinae

102 4287 193 4343 Flod..
212 4287 241 4338 id
262 4295 302 4341 eat
320 4289 499 4356 Bai-guadias.
543 4289 672 4351 Genauni,
691 4288 833 4338 Raetorum
853 4285 974 4354 populus,
1001 4300 1047 4356 ap.
1060 4284 1209 4344 Horatium,

103 4361 195 4414 Carm.
218 4362 264 4425 lV,
286 4361 483 4430 14,1eguntur;
504 4361 537 4413 cf.
555 4361 638 4413 Zeuss
657 4377 683 4426 p.
704 4361 766 4411 237.
1022 4374 1024 4379 ’
