2820 4824
232 364 258 413 X
471 359 624 410 RIOHERI
639 357 891 412 HISTORIARUM
910 357 1013 408 LIBRI
1032 358 1097 408 IIII.

232 530 294 593 tati
324 528 522 592 tribuendi¹.
584 525 671 589 Ordo
703 527 740 589 iu
771 527 959 589 uniuersum
989 528 1143 609 temporis
1177 527 1354 592 decursum

233 621 370 692 secutus,
393 631 630 693 nonnunquam
654 610 762 673 studio
783 631 892 672 rerum
913 609 1209 673 connectendarurn
1240 611 1352 674 turba·

233 705 297 759 tur.
347 695 462 759 Oratio
485 692 644 773 dilucida,
673 694 786 771 brevis,
817 695 927 778 cipere
950 701 979 754 et
1000 691 1210 774 simplicitate
1232 693 1350 777 piacet.

317 779 488 858 Rioberus,
519 800 614 862 opere
643 799 743 859 usquc
773 776 819 838 ud
844 798 981 839 mensem
1002 776 1144 840 Junium
1168 779 1258 841 anni
1281 777 1350 842 995.

229 863 398 947 perducto,
421 862 584 926 scribendi
596 859 699 942 finem
710 859 807 943 fecit,
825 861 944 923 notatis
958 869 1064 923 tomen
1076 861 1279 944 praecipuis
1295 885 1350 925 an-

234 970 352 1011 norum
373 944 445 1025 996,
466 944 538 1008 997.
561 953 589 1006 et
610 942 681 1006 998.
704 943 877 1023 eventibus,
904 945 953 1006 ita
980 954 1015 1007 ut
1043 965 1114 1007 eum
1142 944 1194 1007 bis
1223 967 1290 1030 quo
1313 969 1349 1010 ue

234 1030 474 1094 conscribendis
498 1031 644 1092 animum
661 1028 837 1092 advertisse
854 1035 978 1110 pateat.
1025 1025 1096 1100 Quo
1111 1036 1256 1111 tempore
1305 1053 1348 1093 er-

234 1114 319 1177 berto
342 1114 388 1176 ad
414 1114 518 1176 sedem
539 1114 762 1176 Ravennatem
792 1120 821 1172 et
846 1132 935 1173 auno
964 1111 1108 1193 sequenti
1132 1111 1349 1194 pontificatus

234 1199 379 1261 Romani
401 1198 446 1261 ad
469 1199 595 1280 apicem
610 1205 770 1281 promoto,
801 1217 847 1257 an
869 1194 1030 1257 Rioberus
1053 1216 1135 1277 opus
1157 1197 1348 1260 transmise-

233 1284 287 1362 rit,
311 1281 459 1344 dubitari
479 1288 594 1364 potest.
641 1277 728 1343 Certe
751 1277 979 1362 autoprapbus
1002 1275 1082 1340 liber
1103 1299 1169 1340 reon
1191 1280 1241 1340 ita
1266 1302 1346 1343 com·

228 1374 375 1448 perotus
404 1372 458 1443 est,
488 1371 524 1425 ut
555 1361 797 1445 arcbiepiscopi
826 1363 981 1424 summitte
1002 1358 1174 1445 pontificis
1195 1363 1348 1426 manibus

234 1448 394 1510 traditum
407 1445 515 1525 facilc
537 1446 732 1524 ercistimern;
767 1443 872 1506 deseri
897 1453 964 1507 tum
987 1453 1093 1507 autem
1104 1443 1230 1527 fuisse,
1254 1447 1346 1532 iquo-

234 1553 357 1594 rem-us.
400 1529 450 1590 De
471 1529 612 1592 Riobero
635 1548 759 1610 quoque
781 1550 834 1590 om
858 1467 923 1590 lius
946 1527 1031 1591 nibil
1052 1536 1187 1608 constat,
1212 1540 1348 1612 praeter

235 1614 332 1699 quod,
354 1613 462 1676 studio
484 1614 554 1697 ejus
574 1611 693 1675 librum
713 1610 794 1696 lepis
816 1551 960 1691 oblicos,
982 1612 1041 1694 qui
1061 1611 1155 1675 bodie
1178 1612 1216 1673 in
1239 1613 1347 1676 biblio·

234 1698 325 1760 tbeca
347 1718 381 1758 rc
406 1698 442 1759 iu
456 1696 641 1759 Parisiensi
655 1716 787 1758 numero
801 1695 895 1758 4789.
917 1696 1099 1780 iusipuitus
1116 1703 1214 1774 contet,
1238 1696 1347 1760 biblio-

235 1781 343 1926 tbepiae
370 1719 488 1843 donati
513 1779 658 1863 Remipii
683 1779 851 1842 Remensis
882 1778 1019 1858 illatum,
1053 1779 1227 1861 inscriptio
1261 1789 1348 1844 vetus

235 1871 288 1926 ira
312 1865 368 1928 ii¹.

320 1947 471 2009 Historia
494 1954 633 2031 outopro
661 1945 705 2007 ba
719 1945 847 2009 saecuto
863 1944 920 2007 XI.
935 1945 1142 2009 bibliothecae
1156 1948 1348 2011 monasterii

120 2050 157 2105 *μ
174 2029 271 2096 eceb.
294 2028 466 2094 diicbaeiis
489 1968 788 2114 *Bobeniirpensis
809 2030 849 2092 ob
872 2029 1030 2092 Heinrico
1054 2029 1098 2091 II.
1120 2031 1161 2092 im
1191 2076 1198 2092 .
1223 2031 1348 2094 conditi

234 2117 321 2178 inter
335 2116 465 2200 primos
487 2116 558 2199 ejus
569 2112 718 2197 fortasse
739 2112 838 2176 libros
852 2110 958 2191 iliata,
980 2135 1052 2176 curn
1068 2111 1145 2175 aliis
1158 2053 1254 2176 iibris
1271 2113 1348 2177 (ier-

235 2199 320 2262 bcrto
350 2208 378 2261 et
406 2197 547 2261 Riobero
576 2199 660 2261 notis
680 2197 718 2259 in
745 2196 894 2281 catalopo
924 2195 1084 2280 Ruotperi
1115 2198 1207 2259 intra
1242 2218 1348 2260 anuos

237 2281 453 2348 lili-1123.
476 2281 619 2364 confecto
640 2290 823 2344 recensetur
832 2291 855 2361 ³,
876 2280 984 2363 ibique
1007 2281 1105 2342 anuis
1129 2279 1348 2342 1098-1101.

236 2368 276 2430 ab
297 2366 494 2430 Eickcbardo
523 2366 761 2449 Uraupieusi4,
784 2374 813 2429 et
834 2364 1087 2450 quadriupentis
1109 2364 1208 2426 annis
1224 2373 1305 2447 post
1328 2386 1349 2426 a

310 2552 336 2617 1)
352 2553 427 2602 Alios
441 2553 521 2600 etiam
534 2566 562 2599 re
576 2549 648 2599 haud
667 2550 735 2598 bene
748 2564 880 2614 perpensa
894 2551 1039 2612 commisit;
1060 2566 1083 2601 e.
1097 2565 1123 2616 g.
1138 2551 1161 2610 1,
1172 2551 1197 2601 3.
1216 2551 1348 2602 Karolum

233 2630 309 2691 patre
329 2625 444 2674 obeunte
463 2623 595 2684 biennem,
624 2622 710 2683 1,12.
739 2637 808 2671 anno
828 2621 890 2671 893.
919 2623 1098 2688 quindennem
1116 2624 1193 2684 facit3
1214 2624 1265 2683 111,
1285 2625 1348 2676 109.

234 2697 355 2747 liutharii
374 2712 457 2747 annos
477 2711 530 2744 uon
549 2698 674 2744 accurrate
695 2698 838 2760 computat.
914 2695 943 2760 2)
962 2694 1044 2746 Liber
1058 2697 1143 2746 sancti
1162 2695 1274 2762 Remiqii
1292 2703 1347 2748 stu-

234 2769 279 2820 dio
368 2759 500 2822 u...r'‘''os
519 2765 645 2819 richer..
729 2767 758 2832 3)
779 2767 924 2832 Sohunnut,
944 2769 1067 2819 Vindem.
1086 2770 1110 2832 1,
1130 2770 1174 2819 52.
1255 2767 1285 2835 4)
1306 2770 1348 2822 of.

234 2841 316 2892 Arch.
335 2842 397 2905 VII,
416 2844 478 2893 470.
497 2841 560 2891 471.
585 2839 773 2902 Ekkeherdus,
792 2845 1002 2892 connumerem
1022 2859 1097 2893 suum
1116 2845 1145 2892 in
1164 2842 1348 2895 exscribendis

235 2915 296 2966 aliis
314 2916 487 2979 scriptoribus
507 2914 656 2981 probatum,
675 2914 784 2964 Richeri
802 2919 877 2964 textu
889 2916 954 2965 setis
966 2914 1050 2966 bbere
1063 2916 1152 2975 utitur,
1172 2931 1222 2965 nec
1241 2920 1349 2968 tantum

235 2987 289 3038 aiis
316 2990 399 3038 verbs
426 2989 634 3052 sententiasque,
662 2985 711 3037 sed
736 2986 785 3052 bis,
814 2988 843 3037 in
870 2987 981 3038 historia
1008 2988 1114 3038 scilicet
1132 2989 1290 3053 Hagauonis
1320 2994 1348 3039 et

236 3060 390 3124 Giselberti,
410 3061 542 3111 diversum
561 3061 640 3126 plane
659 3061 846 3123 narrationem,
873 3076 904 3110 eo
924 3066 1014 3111 tamen
1032 3062 1120 3110 animo
1145 3062 1232 3126 iisque
1255 3062 1347 3112 verbis

235 3150 304 3199 quae
324 3135 438 3184 Richero
458 3151 536 3200 quum
557 3135 671 3183 maxime
691 3134 858 3195 convenient,
877 3133 986 3199 profert.
1024 3133 1128 3184 Ooniici
1146 3135 1227 3198 igitur
1246 3139 1348 3199 posset,

236 3223 296 3258 eum
315 3207 369 3256 alia
388 3209 475 3274 operis
496 3207 613 3258 editione
631 3223 708 3257 usum
727 3206 823 3270 fuisse3
843 3206 891 3256 sed
911 3206 1012 3257 nullum
1026 3205 1135 3257 alterius
1149 3206 1250 3256 codicis
1262 3209 1346 3258 vesti-

235 3281 309 3346 gium
328 3286 410 3332 extat.
449 3282 515 3332 Nem
542 3280 663 3331 codicem
682 3286 799 3330 nostrum
818 3281 872 3328 ium
892 3285 955 3330 unte
974 3295 1071 3329 annum
1091 3279 1199 3345 quidem
1221 3279 1299 3330 1611.
1319 3281 1348 3329 in

236 3355 352 3406 eeclesia
370 3355 575 3422 metropolitana
589 3353 808 3418 Babenbergensi
827 3351 1005 3409 adservatum,
1024 3352 1140 3402 saeculis
1160 3353 1347 3416 anterioribus,

235 3434 262 3479 et
279 3429 394 3480 fortusse
419 3434 480 3495 post
504 3443 630 3494 magnum
653 3426 728 3476 illam
754 3425 907 3475 monasterii
926 3424 953 3476 S.
973 3424 1114 3475 Michaelis
1134 3426 1348 3475 devastationem

235 3517 304 3567 quae
323 3518 348 3553 u.
370 3503 449 3552 1453.
479 3502 599 3565 contigit,
628 3515 659 3549 eo
684 3497 842 3547 translatum
869 3512 928 3546 esse
954 3502 1065 3562 oportet,
1096 3514 1155 3548 cum
1174 3499 1202 3547 in
1221 3498 1347 3563 catalogo

235 3575 415 3625 bibliothecae
435 3565 655 3639 metropolitanus
674 3570 818 3634 antiquiori
837 3568 872 3618 ad
891 3569 1028 3620 saeculum
1046 3571 1111 3621 XII.
1123 3570 1167 3620 veI
1187 3570 1265 3621 XIII.
1285 3587 1346 3637 per·

234 3649 346 3708 tinente,
375 3663 453 3712 quem
474 3645 515 3696 cl.
535 3643 621 3694 Iaeck
644 3644 673 3692 in
699 3642 798 3693 Okenii
816 3642 890 3692 Iside
910 3657 935 3691 a.
958 3640 1041 3706 1829,
1069 3660 1096 3709 p.
1118 3644 1197 3693 1237.
1218 3649 1245 3693 et
1266 3644 1346 3695 1238.

236 3719 381 3783 evulgavit,
400 3717 475 3768 nulls,
493 3717 601 3767 Richeri
617 3717 716 3766 mentio
735 3714 807 3764 iectu
826 3716 868 3766 sit.
906 3715 1066 3767 Trithemius
1086 3716 1208 3766 codicem
1227 3722 1348 3767 nostrum

237 3797 264 3842 et
282 3790 474 3841 Ekkeherdum
499 3795 560 3839 ente
587 3787 679 3838 oculos
704 3787 812 3850 habuit3
842 3803 893 3838 neo
910 3803 1012 3852 vereor,
1041 3805 1075 3839 ue
1095 3789 1154 3854 quis
1173 3789 1291 3839 fabulam
1313 3790 1347 3840 de

236 3862 359 3914 malefica
379 3869 405 3913 et
424 3863 539 3912 Rauthei
558 3877 634 3926 eque,
659 3861 816 3926 Hsganonis
836 3860 907 3927 apud
927 3877 987 3912 eum
1006 3863 1133 3913 historiae
1152 3863 1287 3920 insertum,
1314 3879 1348 3912 ex

236 3937 352 3987 Richero
376 3936 497 3986 haustam
522 3935 604 3985 fuisse
631 3936 761 4000 opinetur,
791 3935 864 3985 ouius
884 3950 901 3983 n
919 3935 1054 3986 scribendi
1079 3935 1182 3984 ratione
1208 3950 1348 4000 nequeas

236 4011 334 4068 animo,
362 4007 592 4074 superstitionibus
621 4008 728 4057 minime
757 4007 880 4068 obnoxio,
908 4008 1044 4060 abhorret.
1087 4007 1164 4057 Talia
1192 4006 1347 4058 Flodoardo

237 4083 379 4132 convenire
408 4087 524 4147 possent.
562 4081 641 4146 Hugo
671 4081 750 4130 etiem
779 4080 991 4132 Flavinincensis
1018 4080 1111 4130 Kuroli
1141 4082 1292 4145 captionem
1322 4087 1350 4131 et

235 4154 360 4205 Gerberti
380 4155 584 4220 disputationem
605 4171 664 4205 cum
685 4153 794 4203 Othrico
819 4159 865 4204 aut
883 4169 899 4203 a
917 4160 1007 4206 nostro
1027 4159 1072 4204 aut
1090 4154 1124 4203 eb
1144 4153 1197 4202 elio
1217 4155 1348 4218 scriptore

236 4229 282 4293 qui
301 4232 417 4277 nostrum
438 4228 615 4294 exscripserat
633 4228 747 4292 accepit,
767 4226 815 4277 SS.
835 4227 913 4290 VIII,
932 4245 958 4295 p.
969 4226 1030 4276 365.
1050 4225 1118 4289 867;
1139 4231 1248 4276 econtra
1267 4227 1348 4291 Hugo

236 4300 416 4351 Floriucensis
434 4306 551 4352 nostrum
571 4301 678 4351 minime
697 4300 778 4363 novit,
802 4304 829 4350 st
848 4299 931 4352 Gesta
949 4297 1103 4366 pontificum
1122 4299 1294 4350 Remensium
1314 4301 1348 4349 ab
