2820 4824
354 350 506 402 RICHERI
524 351 776 403 HISTORIARUM
795 354 906 405 LIBER
925 356 948 404 1.
1180 361 1215 409 23

97 522 186 586 venti
213 527 293 583 sunt.
340 517 383 581 Et
414 517 447 581 hi
475 540 602 604 quoque
630 542 688 605 per
716 520 895 605 predictum
923 524 1028 587 virum
1058 524 1213 608 instructi,

98 606 236 690 receptis
264 623 284 664 a
311 601 392 666 duce
415 602 600 687 opsidibusa
622 624 701 688 quos
723 603 892 688 dederant,
921 605 963 669 ad
991 604 1143 672 salutaria
1165 631 1213 672 sa.-

98 699 260 752 cramenta
282 685 410 750 deducti
432 695 504 750 sunt

181 772 231 835 32.
274 771 318 834 Et
346 793 420 834 cum
445 771 484 835 de
513 772 700 856 baptisterio
729 783 889 856 ageretur,
921 774 1059 840 Wittoni
1084 775 1212 840 Rhodo·

96 857 254 920 mensium
283 855 527 939 metropolitano
550 856 615 919 eis¹³
639 854 870 939 predicandum
898 878 917 919 a
938 858 1019 924 duce
1042 861 1210 924 committi·

96 950 156 1004 tur.
200 939 301 1003 Witto
323 949 423 1005 ver0⁰
444 960 509 1001 non
530 961 563 1002 se
586 937 677 1003 solo⁰l
699 949 874 1019 contentus,
899 941 1039 1006 Herivco
1061 943 1212 1008 Remensi

94 1023 264 1109 epistolam
286 1022 430 1106 *dirigit
452 1044 510 1107 per
532 1044 628 1106 quam
656 1020 696 1085 ab
719 1043 765 1086 eo=
779 1025 897 1106 querit,
920 1046 983 1109 quo
1006 1025 1125 1108 ordine,
1148 1033 1260 1113 qua‘o·
1277 1035 1329 1079 ⁵⁷⁹·

94 1117 217 1172 ratione
239 1129 318 1192 gens
341 1117 414 1170 ante
435 1104 559 1189 perfida
578 1104 751 1169 aecclesiae
773 1106 918 1169 sotianda
945 1108 1012 1172 sitl.
1055 1110 1213 1175 Heriveus

94 1214 172 1256 vero
195 1189 457 1275 metropolitanus
478 1187 579 1252 multa
600 1187 765 1272 diligentia
786 1190 866 1254 haec
887 1189 1055 1275 disponere
1071 1195 1213 1278 cupiens,

95 1286 289 1339 conventum
312 1274 535 1356 episcoporum
557 1272 626 1336 fieri
646 1272 750 1354 iubet,
777 1284 812 1338 ut
840 1272 1012 1338 multorum
1037 1276 1213 1343 rationibus

95 1381 147 1422 res
170 1359 284 1421 idonee
308 1354 557 1420 distribueretur.

183 1443 233 1505 33.
276 1440 319 1504 Et
341 1439 392 1504 die
414 1441 583 1504 constituta
604 1439 735 1503 sinodus
760 1440 870 1506 habita
891 1452 948 1506 est.
996 1443 1036 1506 ln
1065 1465 1128 1528 qua
1149 1444 1212 1528 pri-

97 1537 208 1586 11111111θ
231 1523 270 1588 110
291 1545 371 1610 pace
393 1535 424 1588 01
448 1523 503 1588 1011
528 1525 599 1589 1000
622 1534 750 1587 0000100
772 1525 837 1589 1)οἰ
864 1524 1040 1590 0000100100
1066 1536 1213 1612 statuque

97 1609 189 1691 regni
217 1609 413 1672 Francorum
441 1546 609 1672 salubriter
637 1630 676 1672 ac
698 1619 915 1695 competenter
937 1620 1107 1676 tractatum
1134 1621 1212 1693 est²,

97 1701 170 1776 post
191 1715 265 1756 vero
288 1693 327 1757 de
348 1693 523 1777 piratarum
545 1693 744 1776 mitigatione
766 1703 861 1780 atque
893 1694 1099 1759 conversione
1121 1696 1213 1759 uber-

97 1777 176 1840 rime
198 1778 361 1861 agitatum.
404 1777 578 1842 Decretum
607 1797 734 1874 quoque
763 1777 802 1841 de
831 1777 944 1842 codem
966 1778 1007 1843 ab
1029 1781 1101 1864 ipsa
1121 1779 1212 1844 Divi-

95 1861 194 1924 nitate
215 1862 368 1924 rationem
392 1859 623 1946 quaerendam,
646 1859 854 1924 ieiunandum
876 1863 971 1926 etiam
1000 1861 1041 1926 ab
1065 1863 1212 1928 omnibus

95 1943 216 2027 triduo,
261 1944 378 2009 domno
400 1968 475 2008 vero
498 1966 601 2042 papae
622 1944 656 2008 id
678 1967 747 2008 esse
769 1946 1020 2030 suggerendum,
1048 1956 1096 2027 ut,
1124 1947 1212 2011 invo-

95 2038 168 2091 cata
190 2051 248 2114 per
268 2029 421 2092 ieiunium
443 2029 637 2109 Divimtate,
659 2038 691 2092 et
712 2028 829 2092 domno
851 2050 937 2114 papa
958 2029 1119 2095 humiliter
1140 2052 1212 2094 con-

97 2111 197 2192 sulto,
228 2111 384 2176 efficatius
414 2135 464 2176 res
493 2111 700 2175 ordinaretur.
751 2110 913 2175 Revolutis
946 2114 1055 2198 itaque
1081 2123 1212 2211 patrum

95 2195 242 2277 decretis,
264 2195 458 2260 reverendus
480 2193 742 2279 metropolitanus
764 2195 922 2259 Heriveus
954 2195 1212 2280 recapitulem

95 2278 258 2342 volumine
281 2279 449 2360 ordinavit,
471 2276 700 2342 rationabiliter
721 2299 759 2340 ac
781 2276 899 2341 utiliter
913 2277 1037 2362 digesta
1059 2288 1090 2342 et
1112 2278 1211 2364 quali-

94 2372 145 2424 ter
173 2363 268 2424 rudes
301 2363 335 2424 in
360 2361 423 2426 fide
450 2361 589 2426 habendi
615 2370 688 2424 sunt
719 2361 923 2424 continentia.
978 2362 1069 2442 Quae
1106 2364 1213 2426 omnia

96 2443 274 2508 venerabili
287 2445 482 2509 Rodomensi
497 2445 619 2510 Witoni
634 2442 792 2528 delegavit
800 2455 821 2506 ².
851 2443 981 2509 *Illef*
998 2467 1074 2510 vero
1091 2446 1278 2530 excipi-'foi
1292 2460 1329 2502 1⁰·

96 2551 163 2610 ens,
186 2528 326 2593 utiliter&
347 2539 509 2614 sumptum
531 2529 695 2612 negotium
717 2529 960 2592 consummavit.

180 2613 230 2676 34.
273 2612 399 2676 Haece
422 2613 516 2677 ctiam
538 2621 744 2697 tempestate⁴
765 2612 794 2675 R
838 2635 969 2695 enerus,
996 2613 1046 2678 vir
1067 2612 1307 2677 00001110-915116·

95 2696 192 2759 risi-⁵
222 2707 253 2760 et
284 2695 416 2778 nobilis,
440 2696 672 2776 cognomentok
700 2693 807 2760 Collo·
827 2717 944 2780 ongus,
978 2698 1067 2760 cuius
1094 2698 1210 2762 etiamr
1302 2748 1304 2752 .

95 2778 201 2844 obitus
223 2779 355 2844 multam
376 2781 423 2844 101
444 2775 592 2865 publicae
613 2781 647 2842 in
672 2778 805 2864 Belgica
825 2779 931 2846 intulit
956 2779 1082 2845 labem*
1089 2829 1099 2862 ,
1127 2803 1211 2844 com-

94 2865 184 2927 muni
212 2865 354 2949 corporis
382 2863 559 2929 valitudine
584 2872 687 2927 tactus
717 2873 748 2928 et
777 2885 962 2949 oppressus,
998 2864 1094 2929 finem
1126 2865 1210 2930 vitae

93 2947 182 3030 apud
214 2949 376 3011 Marsnam
424 2947 554 3012 alatium
583 2969 659 3011 acce
682 2948 716 3012 it.
768 2947 867 3012 Cuius
897 2948 1041 3033 exequiis
1069 2947 1208 3013 Karolus

94 3053 154 3094 rex
181 3031 360 3096 interfuisse
412 3033 507 3096 icitur
535 3053 574 3094 ac
601 2969 710 3096 oculos
737 3031 875 3096 lacrimis
905 3032 1043 3096 suffusus
1071 3032 1208 3097 dixisse:

95 3113 155 3194 ‘O',
177 3115 332 3199 inquiens,
356 3122 407 3180 ‘ex
428 3114 491 3179 alto
506 3115 667 3199 humilem,
689 3138 731 3179 ex
752 3115 858 3201 amplo
873 3116 1090 3180 artissimum'l
1113 3114 1210 3181 altero

95 3219 275 3281 personam,
297 3197 394 3262 altero
416 3209 655 3263 monumentum
670 3200 861 3284 significans.
896 3199 1101 3285 Peractisque
1123 3222 1212 3264 exse·

94 3281 196 3364 quiis,
220 3279 414 3364 Gisleberto,
437 3283 506 3346 eius
527 3281 609 3365 filio,
631 3285 695 3346 iam
716 3283 799 3348 facto
821 3285 944 3366 iuveni,
968 3294 1133 3369 paternum
1155 3282 1211 3347 ho-

94 3385 206 3428 norem
250 3386 357 3512 cgram
393 3367 593 3452 principibus
634 3368 690 3452 qui
734 3367 954 3433 confluxerant
990 3365 1210 3432 liberalissime

93 3469 258 3512 accommo
283 3458 323 3512 at.

168 3573 192 3641 *)
212 3578 326 3642 partium
344 3577 438 3627 Karoli
456 3576 599 3629 fidissimus
618 3583 689 3629 tutor
706 3578 806 3629 Eitea.

155 3683 177 3736 0)
194 3685 322 3734 hospitibus
340 3687 359 3736 l,
381 3697 487 3735 superior.
503 3688 529 3727 si.
609 3687 633 3734 b)
650 3688 805 3726 0010100010.
881 3686 902 3737 c)
919 3698 929 3726 0
945 3698 1001 3726 corr.
1071 3685 1094 3736 d)
1113 3696 1163 3724 0000
1180 3684 1208 3737 (i)

93 3755 140 3782 orr.
157 3754 181 3783 00
197 3745 253 3784 0010,
330 3744 351 3790 0)
370 3746 486 3793 00010011.
562 3744 581 3796 f)
597 3745 640 3794 foi.
658 3748 691 3786 10.
708 3751 726 3784 01
744 3748 777 3786 11.
793 3747 837 3784 0110
852 3757 890 3784 nec
905 3757 949 3784 uno
966 3751 1058 3794 tempore
1082 3745 1165 3792 scripta
1190 3748 1210 3782 ct

93 3813 159 3852 quam
171 3804 272 3851 pluribus
286 3804 372 3842 rasuris
389 3805 455 3853 piena
474 3806 559 3854 prioris
574 3805 704 3843 recensionis
713 3805 840 3853 fracmenta
855 3815 899 3843 erse
914 3805 1019 3850 videntur,
1033 3809 1111 3852 postea
1127 3803 1210 3840 demam

93 3872 141 3900 cum
157 3862 211 3900 libro
227 3862 370 3911 qualisnam
385 3865 551 3912 0100010000.
620 3861 643 3913 g)
660 3863 818 3902 efficacissime
842 3868 910 3912 atque
932 3863 1020 3901 utiliter
1036 3864 1056 3903 1.
1118 3858 1143 3910 h)
1161 3861 1211 3900 Hac

94 3925 125 3960 et.
142 3921 166 3959 in
182 3921 226 3959 loco
242 3932 300 3960 raro.
348 3919 364 3971 1)
381 3923 489 3963 00,οο11.
536 3921 668 3972 11)0.0.10
683 3933 751 3971 maru.

171 4014 199 4082 1)
219 4017 259 4066 Ex
279 4015 357 4067 Flod.
377 4017 413 4066 H.
430 4018 506 4066 Rem.
526 4017 573 4078 IV,
590 4017 632 4079 14,
651 4018 698 4068 ubi
716 4018 784 4067 haec
803 4023 863 4082 post
882 4031 998 4082 pugnam
1019 4015 1210 4066 Oarnotensem

94 4091 168 4140 iacta
196 4089 328 4140 dicuntur.
423 4086 451 4153 2)
471 4089 548 4139 Flod.
574 4089 592 4140 l.
612 4089 630 4140 l.
656 4092 782 4156 sequitur,
811 4088 857 4140 sed
885 4105 928 4139 100
957 4088 1037 4138 aliter
1066 4087 1212 4150 coniungit.

93 4161 125 4225 3)
147 4162 232 4227 Oapp.
252 4163 378 4214 34.-40.
404 4162 582 4212 Ekkchardus
600 4162 702 4228 Uraug.
720 4164 748 4212 in
766 4163 877 4212 historia
896 4162 1018 4210 Heinrici
1027 4161 1051 4211 Ι.
1071 4160 1213 4223 excerpsit.

94 4233 126 4298 4)
146 4236 295 4299 Reginorus
314 4237 367 4285 iam
386 4251 410 4286 a.
424 4236 487 4284 915.
507 4243 624 4285 1110110110
644 4251 702 4286 esse
727 4235 846 4298 videtur;
866 4235 900 4285 cf.
914 4234 1033 4296 Wittich,
1047 4231 1213 4295 Lothringen

94 4325 121 4373 p.
141 4307 184 4360 89.
261 4307 289 4373 ὅ)
309 4310 328 4360 i.
349 4325 372 4359 0.
393 4323 490 4359 000100.
