2820 4824
343 374 496 428 RIGHRRI
514 376 766 430 HISTORIARUM
785 381 896 433 LIBER
915 384 983 435 IIII.
1164 387 1214 455 129

98 541 284 625 episcopus,
304 539 400 639 homo
423 543 564 606 omnium
587 565 665 628 quoe
687 554 771 609 terra
791 548 926 612 sustinet
944 547 1214 635 sceleratissimus,
1225 581 1276 624 oso.

98 633 286 708 contempto
315 634 414 708 patrrs
443 626 506 690 mei
534 627 678 712 imperio,
707 626 818 694 Ottoni
842 631 1041 696 Francorum
1070 634 1153 700 hosti
1181 637 1214 699 in

100 708 252 772 omnibus
273 707 362 772 favit.
404 708 453 772 Eo
476 717 666 794 cooperante
682 709 758 776 Otto
781 715 956 779 exercitum
970 715 1062 780 nobis
1077 718 1212 784 induxit.

100 791 185 855 Eius
213 790 388 855 subtilitate
410 790 530 856 Gallias
559 791 772 879 depopulatus
801 806 858 860 est.
901 797 951 860 Eo
972 800 1094 864 itineris
1116 801 1213 867 duces

98 883 273 960 prestante,
295 873 476 961 indempnis
498 897 571 939 cum
591 877 733 942 exercitu
746 878 849 943 rediit.
893 880 957 960 Qui
971 892 1006 946 ut
1020 905 1140 969 poenas
1154 906 1212 969 pro

96 965 191 1022 tanto
214 958 382 1021 commisso
405 957 516 1040 solvat,
543 979 682 1044 aequum
704 971 735 1024 et
760 961 836 1025 utile
857 962 1013 1047 videtura,
1043 969 1212 1051 quatinusb

100 1039 269 1126 pestilente
291 1062 473 1126 compresso
494 1049 597 1107 metus
619 1041 783 1108 adoriendi
804 1044 879 1110 talia
904 1047 1083 1133 quibusque
1105 1053 1213 1134 pravis

98 1125 278 1190 inferatur’.

188 1228 217 1292 3.
262 1227 361 1292 Cuius
383 1229 483 1292 oratio
499 1229 563 1291 vim
584 1229 737 1293 suadendi
750 1253 815 1295 non
836 1231 956 1314 habuit,
978 1255 1015 1299 eo
1038 1235 1123 1320 quod
1138 1257 1211 1322 sug-

100 1309 299 1410 gestionibus
321 1309 477 1375 malorum
498 1311 531 1374 in
553 1334 712 1375 summum
750 1315 909 1380 ontificem
927 1317 1084 1400 efferatus,
1105 1329 1212 1404 preter

100 1403 222 1458 rustum
251 1393 358 1480 aliqua
384 1393 517 1478 indigna
544 1395 663 1460 dixisse
684 1335 854 1463 videretur.
896 1401 960 1463 Pro
989 1410 1078 1484 parte
1104 1411 1211 1467 tamen

100 1479 133 1543 ei
154 1477 286 1576 tautum·
299 1486 355 1556 est,
380 1499 438 1562 pro
459 1486 549 1563 parte
571 1501 646 1542 vero
669 1502 888 1627 suppressum
914 1484 959 1546 ita
980 1492 1095 1565 tamen,
1123 1495 1212 1551 utet

97 1583 171 1645 regl
191 1583 306 1624 1n1ur1a
328 1583 392 1625 non
413 1561 503 1625 fieret
524 1570 555 1625 et
577 1564 665 1647 operi
686 1586 726 1628 ne
739 1565 828 1628 ari0⁰
850 1565 917 1628 dux
931 1588 995 1630 non
1010 1570 1209 1633 consentiens

97 1655 237 1732 pareret.
280 1645 350 1708 Rex
375 1654 463 1708 tanto
490 1645 597 1708 animo
625 1668 759 1733 preceps
787 1648 821 1711 in
848 1649 1134 1735 metropolitanum,
1162 1674 1210 1716 as-

99 1736 230 1814 sumpto
264 1727 355 1809 duce,
389 1749 462 1791 eum
491 1729 634 1792 exercitu
663 1730 771 1795 fertur.
814 1732 924 1817 Ipsam
951 1731 1063 1797 urbem
1088 1737 1211 1820 appetit

98 1822 197 1899 atque
223 1813 398 1896 irrumpere
427 1809 596 1876 contendit.
639 1813 815 1878 Primatum
843 1825 950 1880 tamen
972 1816 1102 1881 coneilio
1123 1839 1210 1900 usus,

96 1897 221 1982 legatos
242 1895 395 1980 premisit,
417 1917 475 1979 per
495 1916 573 1979 quos
589 1907 762 1979 quaereret,
784 1921 826 1962 an
841 1899 1031 1984 episeopusd
1052 1902 1212 1966 resisteret

97 1981 179 2070 regi,
206 2001 247 2042 an
276 2001 318 2042 ex
340 1977 471 2042 obiectis
499 1979 632 2063 purgari
660 1988 776 2044 statuto
801 1991 943 2066 tempore
965 1992 1094 2066 paratus
1116 1994 1208 2049 esset.

96 2063 137 2128 si
167 2072 277 2127 contra
306 2069 416 2142 staret,
450 2082 519 2124 sese
550 2082 627 2124 mox
663 2062 859 2127 obsidionem
892 2065 964 2129 urbi
992 2064 1209 2131 adhibiturum

95 2146 242 2210 dicerent
270 2154 460 2231 captamque
488 2145 601 2208 urbem
627 2165 700 2208 cum
726 2147 737 2207 i
761 2167 796 2209 so
818 2145 907 2211 hoste
936 2168 1208 2231 compressurum,

95 2232 127 2295 si
155 2250 231 2294 vero
260 2229 391 2294 obiectis
419 2226 612 2312 respondere
640 2249 705 2291 non
731 2169 906 2310 dubitaret,
945 2229 1071 2294 obsides
1100 2231 1140 2296 ab
1170 2253 1208 2296 eo

95 2335 169 2378 sese
191 2322 395 2397 accepturum
417 2309 661 2395 ducturumque.

182 2418 213 2478 4.
256 2411 308 2476 Ad
328 2412 407 2476 haec
420 2411 695 2497 metropolitanus:
731 2410 824 2475 ‘Oum
847 2415 985 2492 constet',
1007 2413 1120 2498 inquit,
1143 2412 1208 2478 ‘bo-

94 2520 156 2562 nos
190 2518 334 2582 quosque
364 2516 536 2594 pravorum
568 2494 732 2559 calumniis
764 2494 890 2559 assidue
922 2493 1102 2577 dilacerari,
1142 2518 1207 2560 non

95 2581 205 2663 miror,
231 2579 305 2643 huic
332 2579 468 2642 imuriae
496 2576 602 2641 locum
632 2576 797 2642 accidisse.
847 2576 948 2642 Multo
970 2577 1106 2664 amplius
1127 2601 1204 2644 vero

95 2664 206 2746 miror,
228 2664 374 2811 egregios
395 2661 555 2746 principes
576 2671 642 2726 tam
656 2659 750 2725 facile
764 2683 858 2747 posse
873 2659 958 2742 illici,
980 2672 1015 2726 ut
1030 2663 1206 2728 certissime

94 2770 168 2814 esse
182 2769 242 2811 ore
265 2757 328 2828 ant,
356 2744 441 2830 quod
469 2766 528 2808 nec
555 2744 614 2810 sub
640 2745 746 2808 iudice
774 2745 815 2809 sit
842 2744 1033 2826 discussum,
1060 2755 1092 2810 et
1120 2745 1147 2808 si
1172 2748 1206 2809 in

96 2830 298 2896 discutiendo
314 2827 503 2909 conferatur,
525 2827 618 2892 nullis
632 2828 808 2893 rationibus
822 2826 988 2913 probabile
1002 2827 1066 2893 fiat.
1111 2829 1207 2908 Quod

94 2916 125 2980 si
148 2913 268 2978 credita
289 2911 446 2976 discutere
460 2909 589 2994 placuit,
612 2932 668 2974 cur
682 2912 778 2974 armis
792 2919 824 2975 et
842 2913 984 2976 exercitu
998 2910 1032 2974 id
1047 2911 1205 2995 exigitur?

95 2997 211 3063 Nonne
233 3017 307 3081 ergo
329 2994 392 3058 alia
412 3014 470 3079 pro
492 2992 562 3057 aliis
583 3016 642 3057 nos
666 2995 804 3078 cogitare
830 2992 974 3057 faciunt?
1017 2993 1052 3058 si
1073 2993 1113 3058 de
1134 3015 1205 3079 pre-

95 3081 199 3147 teritis
213 3080 327 3164 agitur,
348 3099 460 3162 regum
475 3075 608 3142 salutem
631 3076 803 3140 *hactenus
822 3077 946 3160 optavi3
971 3098 1082 3140 eorum
1102 3099 1204 3174 genus
1215 3088 1253 3142 ’μ
1270 3091 1321 3135 ser.

94 3163 198 3245 colui3
227 3163 409 3248 principum
436 3181 563 3258 quoque
592 3159 759 3222 commoda
779 3179 838 3243 pro
866 3160 988 3222 ratione
1010 3179 1125 3223 amavr.
1169 3159 1205 3224 Si

93 3247 137 3312 dc
159 3243 369 3332 presentibus,
390 3265 474 3328 regis
495 3244 581 3306 iussa
603 3243 736 3326 exsequi
755 3262 820 3304 non
834 3261 955 3323 mor0r3
977 3241 1104 3304 obsides
1126 3262 1206 3324 quos

94 3327 165 3396 vult
191 3329 298 3411 trado;
327 3327 482 3394 rationem
510 3333 621 3390 contra
649 3324 773 3389 obiecta
800 3323 962 3387 intendere
987 3344 1051 3385 non
1073 3322 1204 3386 differo’.

93 3413 204 3478 Factis
227 3433 261 3476 er
284 3433 302 3475 o
325 3410 485 3495 utrimque
512 3406 700 3488 rationibus,
725 3405 853 3470 obsides
878 3405 975 3486 dedit,
1003 3405 1205 3489 Ragenerum

94 3497 201 3562 virum
215 3435 393 3575 mifitarem,
414 3488 579 3556 nobilitate
594 3501 626 3556 et
639 3489 758 3555 divitiis
773 3487 903 3571 clarum,
925 3487 1095 3574 pluresque
1115 3485 1204 3570 alios,

93 3579 174 3644 dum
196 3579 267 3662 regi
291 3575 458 3641 sufficeret.

462 3714 492 3779 5.
537 3709 652 3776 Obitus
673 3709 838 3774 Ludovici.

180 3816 252 3881 Rex
279 3817 387 3901 itaque
421 3814 596 3878 exercitum
629 3811 748 3876 amovit
777 3809 980 3875 Silvanectim
1004 3830 1044 3873 ue
1069 3809 1204 3874 devenit.

94 3899 162 3965 Ubi
190 3899 269 3963 dum
300 3899 454 3962 aestivam
483 3896 684 3960 venationem
713 3901 913 3974 exerceret0,
944 3830 1083 3976 pedestri
1113 3889 1205 3977 lapsu

94 3982 261 4064 decidens,
293 3980 391 4045 multo
418 3979 519 4126 epatis
551 3976 659 4043 dolore
686 3985 822 4042 vexatus
849 3983 907 4040 est.
958 3975 1041 4039 Nam
1071 3975 1146 4058 quia
1171 3975 1206 4037 in

95 4075 189 4151 epate
217 4065 381 4149 sanguinis
402 4085 435 4127 se
459 4084 510 4127 em
531 4060 647 4146 phisici
673 4061 848 4146 perhibent,
878 4079 916 4122 ea
943 4057 1017 4122 sede
1040 4078 1203 4137 concussa,

153 4263 178 4316 a)
193 4263 302 4314 Aequum
322 4272 428 4313 namque,
449 4264 473 4301 ut
495 4269 579 4310 pravus
601 4261 661 4299 iusto
676 4258 787 4308 supplitio
803 4257 953 4306 dampnetur,
975 4254 1033 4294 utile
1053 4261 1107 4293 vero
1123 4250 1173 4292 odd.
1192 4253 1212 4292 1.

93 4320 118 4374 b)
135 4326 160 4363 ut
176 4325 196 4365 1.
274 4319 440 4372 c)netar1a1.
502 4315 525 4368 d)
539 4322 589 4367 poet
604 4317 655 4357 odd.
715 4313 736 4365 e)
754 4317 889 4356 exercerent
906 4315 926 4352 1.
1192 4332 1194 4336 =

957 4381 978 4443 9
