2820 4824
336 368 489 420 RICHERI
509 369 759 422 HISTORIARUM
778 371 889 422 LIBER
908 372 946 423 Il.
1177 374 1211 424 77

97 535 365 618 commonendum
402 545 434 600 et
465 545 538 620 post
571 537 713 600 omnium
745 538 945 602 anathemate
978 539 1211 624 dampnandus.
1222 555 1273 599 9⁴⁸.

96 621 141 701 Et
173 641 237 683 non
268 618 371 683 solum
402 619 464 702 ille,
497 642 609 684 verum
639 642 747 685 omnes
780 623 835 707 qui
861 624 891 686 ei
917 625 951 685 in
982 622 1073 687 malis
1105 625 1212 689 favere

96 705 276 789 faventque.
311 701 376 767 Sed
396 703 479 768 hanc
501 702 603 767 solum
631 728 651 768 a
671 703 764 769 nobis
790 707 946 791 accipiet¹
976 727 1080 793 opem.
1114 708 1211 772 Num·

98 787 177 874 quid
199 809 273 852 vero
296 787 337 851 ab
360 785 421 852 alio
444 789 616 873 quicquam
640 790 709 874 opis
731 791 889 874 accipiet?
924 790 1003 854 Eius
1026 793 1211 877 conquestio

98 874 132 935 in
155 893 212 935 sua
234 869 375 935 clausula
397 893 491 956 opem
514 873 656 935 omnium
678 872 826 957 postulat.
872 874 936 938 Sed
963 876 990 937 si
1019 897 1038 938 a
1066 877 1160 940 nobis
1182 878 1212 940 ei

97 957 300 1037 succurritur,
322 977 342 1018 a
356 955 473 1020 domno
490 954 607 1020 Ottone
621 978 697 1054 rege
713 957 790 1042 quid
804 959 872 1020 acci
897 957 961 1021 iet?
982 959 1026 1022 Et
1040 959 1212 1024 decretalia

97 1049 210 1104 sancta
238 1039 424 1120 acclamant,
452 1049 622 1125 postquam
651 1041 784 1103 tirannis
806 980 975 1106 anatlrema
997 1042 1211 1108 damnationis

97 1123 140 1188 ab
163 1125 323 1208 episcopis
344 1125 496 1187 iniectum
518 1133 574 1205 est,
604 1147 624 1187 a
650 1123 743 1187 bonis
766 1146 893 1210 quoque
914 1126 1097 1209 potentibus
1119 1129 1210 1191 vimr

98 1206 308 1288 inferendam,
331 1217 375 1289 ut,
398 1209 425 1270 si
448 1207 689 1274 aecclesiasticis
712 1210 982 1273 *correctionibus
1003 1210 1045 1273 ad
1066 1223 1319 1279 normam'r.sos.

96 1292 202 1357 redire
216 1291 335 1374 nolunt,
359 1290 470 1355 saltem
484 1293 662 1376 potentium
676 1291 856 1356 vehementi
870 1293 1020 1358 violentia
1034 1294 1076 1358 ad
1090 1294 1211 1359 bonum

98 1376 202 1441 redire
226 1385 389 1460 cogantur,
411 1385 446 1438 ut
467 1374 518 1440 vel
538 1376 645 1440 invitis
667 1373 753 1440 bona
770 1380 966 1461 prestentur'.

294 1495 343 1560 76.
378 1494 511 1560 Oratiob
534 1495 679 1559 Ottonisb
701 1498 785 1582 regis
806 1519 865 1582 pro
888 1497 1009 1561 eodem.

180 1597 235 1661 Ad
254 1598 333 1662 haec
353 1621 411 1662 rex
434 1596 525 1661 Otto:
569 1597 697 1680 ‘Multa',
719 1600 831 1684 inquit,
863 1605 954 1682 ‘sunt
976 1610 1093 1686 patres,
1115 1601 1210 1666 bene-

96 1682 180 1764 ficia,
207 1703 288 1768 quae
316 1705 335 1745 a
363 1682 475 1746 vobisc
503 1680 620 1744 domno
649 1704 687 1746 ac
717 1684 918 1746 serenissimo
946 1687 1015 1770 regi
1044 1685 1209 1750 Ludovico

73 1764 216 1835 ,utiliter
237 1764 472 1829 accommodari
492 1764 652 1830 valebunt.
696 1766 826 1830 Etenim
854 1768 880 1830 si
907 1768 975 1832 eius
1002 1769 1209 1834 insectatores

95 1851 196 1914 armis
224 1848 341 1913 divinis
372 1848 576 1932 adoriamini,
610 1860 839 1936 consequenter
871 1861 925 1914 aut
955 1850 1042 1917 facili
1070 1851 1209 1918 tumultu

94 1932 216 1998 devicti
228 1932 400 2015 labascent,
416 1941 480 2014 aut,
496 1933 615 2018 siquid
632 1935 849 2019 impetendum
863 1934 1066 2022 relinquetur,
1085 1936 1209 2002 facilius

93 2018 212 2082 nostris
234 2019 331 2080 armis
352 2016 573 2080 infirmabitur.
615 2016 681 2081 Vos
704 2039 791 2103 ergo,
813 2017 941 2082 iubente
971 2020 1082 2085 domni
1103 2044 1208 2107 papae

93 2100 124 2166 le
147 2110 212 2184 atu,
247 2102 344 2166 vestri
374 2100 493 2165 ordinis
526 2102 735 2165 instrumenta
764 2103 904 2165 *exerite
939 2125 978 2166 ac
1005 2105 1086 2168 tanti
1123 2111 1275 2189 regisse.
1288 2127 1323 2169 as.

94 2209 116 2250 a
137 2186 297 2250 versarios
319 2183 528 2249 anathematis
549 2183 655 2269 gladio
677 2185 941 2250 transverberate.
985 2187 1104 2251 Contra
1127 2210 1209 2286 quae

96 2270 125 2333 si
146 2271 305 2334 cervicem
326 2279 439 2354 postea
461 2270 582 2354 erigere
604 2267 742 2332 audeant
771 2278 802 2332 et
831 2268 999 2333 dominicis
1032 2271 1208 2335 interdictis

98 2353 243 2418 'resistere
270 2375 334 2416 non
361 2352 541 2432 formidant,
569 2362 712 2416 nostrum
741 2353 857 2416 exinde
884 2354 951 2434 erit,
980 2352 1095 2439 quibus
1123 2375 1207 2418 com-

99 2437 230 2501 missum
263 2447 311 2501 est
343 2438 376 2499 in
407 2437 468 2499 hac
500 2436 610 2499 mundi
636 2446 726 2521 parte
756 2446 898 2512 sanctam
926 2437 990 2501 Dei
1020 2437 1208 2502 aecclesiam

98 2520 188 2604 tueri,
209 2531 245 2585 ut
266 2523 300 2584 in
320 2520 399 2585 tales
421 2543 510 2584 arma
532 2542 703 2601 sumamus,
726 2520 908 2584 huiusmodi
923 2521 1126 2586 debellemus.
1165 2522 1209 2588 Et

96 2607 126 2669 si
138 2607 312 2670 necessitas
328 2605 491 2690 adurgeat,
513 2605 628 2668 strictis
644 2602 759 2689 gladiis
774 2626 874 2690 usque
889 2605 931 2670 ad
945 2606 1209 2670 immanissimam

95 2689 229 2754 caedem
250 2689 535 2775 perditissimorum
557 2686 721 2752 hominum
736 2687 944 2771 deseviamus
967 2688 1077 2754 habita
1090 2692 1124 2753 in
1139 2688 1210 2754 illos

94 2775 289 2847 iustissimae
321 2773 571 2858 indignationis<¹
599 2794 704 2854 causa,
735 2773 821 2859 quod
841 2770 952 2837 illicita
972 2773 1210 2860 aggrediantur,

94 2866 128 2922 et
149 2880 210 2944 pro
232 2856 348 2920 illicitis
370 2858 544 2940 ammoniti,
566 2877 631 2920 non
645 2857 851 2942 corrigantur.
883 2857 951 2921 Vos
965 2859 1072 2944 itaque
1087 2867 1210 2922 tantum

93 2944 212 3007 vestris
233 2942 377 3006 insistite.
421 2941 464 3004 Et
488 2950 561 3025 post
588 2941 776 3005 modestiam
806 2950 944 3005 vestram
973 2942 1074 3006 virtus
1102 2951 1211 3006 nostra

95 3028 266 3112 sequetur'.

204 3153 254 3216 77.
287 3151 434 3238 Epistola
454 3174 474 3214 a
495 3150 625 3214 sinodoe
648 3150 689 3214 ad
712 3151 905 3236 Hugoneme
928 3151 1074 3237 delegata
1083 3167 1105 3217 ⁰.

183 3255 309 3336 Quibus
331 3255 435 3336 dictis,
457 3274 534 3316 mox
556 3251 660 3316 sinodi
681 3251 807 3317 decreto
830 3253 964 3339 epistola
986 3254 1146 3339 descripta
1164 3263 1212 3318 est
1284 3276 1288 3283 ’

95 3339 271 3426 palamque
292 3340 433 3420 recitata,
463 3336 545 3400 hanc
565 3336 736 3400 verborum
758 3338 871 3402 seriem
893 3346 1039 3402 tenens²:
1083 3339 1212 3403 ‘Sancta

97 3424 230 3489 sinodus
252 3425 286 3486 in
306 3422 424 3507 palatio
453 3419 643 3505 Angleheim
671 3419 730 3482 sub
760 3419 886 3485 domnis
908 3431 940 3485 at
963 3443 1003 3485 ue
1026 3421 1212 3485 orthodoxis

95 3505 228 3594 regibus
260 3507 423 3572 Ludovico
455 3514 488 3570 et
519 3504 636 3569 Ottone
666 3501 784 3568 utiliter
813 3504 922 3568 habita
983 3528 1005 3569 u
1028 3506 1081 3568 oni
1113 3504 1211 3569 ducis.

97 3593 236 3673 Quantis
257 3590 349 3654 malis
372 3599 552 3676 quantaque
568 3589 788 3672 persecutione
813 3590 979 3653 vexaveris
996 3590 1002 3604 '
1028 3600 1104 3652 am&
1118 3611 1211 3654 vene-

95 3674 233 3741 rabilem
269 3675 442 3739 Remorum
470 3671 680 3757 metropolim,
714 3681 833 3757 quanta
867 3695 993 3760 quoque
1026 3672 1212 3737 crudelitate

159 3856 183 3908 a)
198 3857 336 3898 violentiam
353 3859 371 3895 1.
437 3854 460 3906 b)
478 3855 516 3906 Or,
532 3856 568 3894 nis
585 3854 640 3893 abac.
704 3851 725 3904 c)
742 3854 809 3894 nobis
826 3856 846 3895 1.
915 3853 938 3906 d)
954 3855 1016 3904 dign.
1033 3855 1054 3894 1.
1115 3851 1137 3906 e)
1154 3864 1168 3893 a
1184 3855 1212 3906 si,

95 3917 128 3957 ud
143 3916 296 3970 timonem),
312 3920 350 3956 ata
365 3915 420 3954 abac.
479 3913 536 3964 od.
552 3914 649 3954 salutem
667 3914 687 3953 1.
748 3911 770 3965 g)
787 3925 810 3953 v.
826 3914 841 3953 i.
859 3915 878 3955 1.

176 4065 204 4132 1)
230 4083 268 4118 sc.
287 4065 450 4116 Ludovicus.
530 4062 559 4127 2)
577 4063 732 4130 ,Epistulam
757 4079 819 4113 vere
843 4064 870 4112 in
895 4063 946 4113 hac
965 4061 1067 4128 synodo
1087 4064 1213 4126 scriptam

95 4156 170 4200 esse,
182 4139 248 4190 licet
266 4137 447 4190 aFlodoardo
463 4139 562 4188 mentio
579 4139 636 4189 eius
652 4137 726 4188 nulla
742 4136 815 4186 facta
830 4137 873 4198 sit,
892 4141 953 4186 acta
969 4136 1071 4200 Legum
1088 4136 1162 4185 Tom.
1174 4135 1213 4197 ΙΙ,

94 4232 126 4282 p.
147 4213 192 4262 25.
209 4214 345 4278 proposita
368 4215 513 4274 testantur,
534 4211 616 4274 igitur
642 4225 700 4260 sam
725 4226 742 4259 a
762 4210 885 4271 Richero,
910 4215 972 4260 acta
990 4206 1085 4273 synodi
1103 4208 1212 4258 Laudu-

94 4287 192 4338 nensis
207 4285 278 4352 apud
293 4283 474 4336 Flodoardum
494 4283 644 4346 evolvente,
662 4282 752 4334 fictam
769 4283 957 4345 assumimus
973 4280 1062 4332 credo.
1088 4281 1118 4329 P.
1157 4279 1213 4331 sed

95 4359 133 4411 cf.
156 4374 226 4424 quae
245 4360 415 4425 Poinsognon
436 4362 462 4423 et
480 4356 620 4408 Diimmler
637 4373 664 4422 p.
675 4355 736 4436 Χ165
756 4371 782 4404 n.
800 4359 965 4406 monuerunt.
