2820 4824
203 382 256 432 110
469 380 623 433 RIOHERI
640 381 892 433 HISTORJARUM
911 381 1022 434 LIBER
1040 383 1094 436 III.

75 535 192 636 .„,·⁹}{j
288 549 339 613 67.
376 547 523 613 *Ottonis
545 549 704 633 promotio
727 549 793 633 (aa)
816 546 1006 612 Germanis⁸
1028 559 1061 614 et
1080 548 1221 636 Belgis&

287 650 366 713 Post
404 646 527 712 obitum
559 649 668 713 domni
697 647 824 714 Ottonis
851 648 1087 715 Germanorum
1117 654 1205 737 regis
1230 655 1306 718 eiusl

204 731 289 796 filius
306 733 382 798 Otto
404 754 424 796 0
440 731 607 796 Germanis
621 731 793 819 Belgisque
808 756 867 798 rex
889 742 1013 798 creatus
1022 746 1044 816 ⁰,
1066 757 1137 800 rem
1158 735 1304 822 publicam

206 825 333 880 strenue
354 825 450 901 atque
471 814 590 880 utiliter
604 817 865 899 amministravit,
886 819 936 880 vir
950 819 1061 903 magni
1074 819 1200 904 ingenii
1212 822 1303 885 totius

204 921 265 984 que
286 900 423 980 virtutis,
452 898 630 964 liberalium
652 899 828 964 litterarum
857 901 990 965 scientia
1016 899 1154 985 clarusd,
1183 904 1259 969 adeo
1277 913 1305 969 ut

202 984 237 1046 in
259 982 452 1068 disputando
475 1005 517 1047 cx
544 993 612 1048 arte
634 993 665 1048 et
686 994 879 1069 proponeret
900 994 932 1050 et
957 984 1168 1070 probabiliter
1196 986 1303 1052 conclu-

203 1067 300 1132 deret.
345 1067 448 1131 Penes
471 1088 568 1152 quem
594 1089 730 1150 regnum
753 1067 945 1133 Germaniae
967 1091 1041 1132 cum
1065 1069 1244 1135 Gallienam
1261 1069 1303 1135 ali·

202 1172 266 1300 qlpa
286 1159 377 1236 parte
399 1172 500 1298 uscppe
523 1150 564 1214 ad
587 1150 673 1213 diem
694 1151 778 1214 vitae
800 1151 867 1215 eius
889 1174 1073 1250 supremum
1098 1155 1234 1237 mansit,
1258 1154 1303 1219 sed

201 1237 241 1299 a'
267 1233 374 1298 uando
407 1233 450 1297 du
474 1234 504 1296 io
538 1243 631 1298 statu.
689 1233 773 1297 Nam
804 1235 887 1299 inter
921 1258 1028 1320 1psum
1064 1245 1097 1300 et
1133 1237 1303 1304 Lotbarium

202 1319 232 1384 G
277 1341 368 1382 orum
394 1339 505 1403 regem
532 1315 745 1403 quandoque⁰
775 1328 807 1382 et
836 1318 945 1382 odium
973 1321 1114 1385 immane
1142 1331 1175 1385 et
1202 1343 1302 1408 anceps

200 1403 335 1468 victoria
360 1401 429 1464 fuit.
472 1401 602 1466 Etenim
624 1401 717 1464 cums
735 1399 776 1466 ab
800 1401 918 1467 Ottone
940 1400 1072 1486 Belgica
1099 1414 1257 1471 teneretur
1279 1415 1304 1469 ct

200 1485 381 1551 aLothario
393 1487 609 1569 impeteretur,
622 1493 733 1548 eontra
754 1506 788 1548 se
810 1483 899 1550 dolos
920 1496 976 1550 aut
995 1487 1080 1551 vires
1096 1486 1304 1570 moliebantur,

201 1590 238 1634 eo
261 1567 348 1655 quod
369 1577 503 1652 uterque
526 1577 558 1631 et
579 1590 671 1631 suum
692 1577 818 1654 patrem
847 1591 918 1633 earn
942 1571 1085 1634 tenuisse
1114 1573 1305 1637 contenderet

201 1663 233 1717 et
255 1652 456 1718 exercituum
477 1649 678 1715 multitudine
705 1660 839 1737 uterque
861 1675 931 1717 eam
959 1675 993 1717 se
1021 1652 1230 1720 defensmum
1252 1677 1304 1720 000

202 1735 369 1801 diffideret.
418 1733 503 1797 Nam
531 1743 563 1798 et
587 1734 762 1818 Ludovici,
815 1738 890 1800 atris
912 1735 1065 1820 Lotharii,
1095 1738 1167 1821 tuit,
1195 1740 1304 1805 eteius

226 1829 276 1883 ost
297 1817 381 1882 dono
403 1817 496 1881 huius
513 1817 640 1882 Ottonis
662 1829 753 1904 pater
776 1757 853 1885 (lito
876 1818 1042 1885 obtinuit1.
1085 1821 1218 1887 Horum
1238 1843 1301 1908 ergo

227 1901 382 1966 'soordiae
403 1901 599 1966 incentivum
621 1903 816 1988 principium
837 1901 970 1988 Belgica
994 1903 1063 1968 fuit.

384 2023 434 2088 68.
477 2020 682 2107 Indignatio&
702 2021 846 2086 Lotharii
866 2025 921 2086 ins
943 2022 1106 2088 Ottonem.

139 2147 190 2189 aas.
285 2125 389 2211 Igitur
402 2123 476 2188 inA
501 2124 592 2188 uensi
602 2121 721 2209 palatio
735 2124 853 2189 Ottone
864 2133 1082 2189 commorante
1094 2147 1172 2190 cum
1184 2129 1304 2211 coniuge

200 2209 379 2297 Teuphanu
398 2146 562 2294 gravidal,
584 2206 754 2271 Lotharius
775 2207 864 2271 illum
885 2209 1019 2294 propius
1040 2211 1219 2277 accessisse
1234 2232 1305 2275 acer-

198 2297 278 2360 rime
299 2304 404 2358 motus
426 2291 663 2392 indignabatur.
698 2291 786 2376 Ergo
802 2293 999 2356 Francorum
1013 2291 1130 2357 ducem
1145 2294 1305 2379 Hugonen

198 2377 400 2464 reliquosque
420 2399 512 2461 regnr
533 2376 686 2462 primates
707 2374 875 2439 consilium
890 2376 1046 2461 petiturus
1060 2376 1214 2442 Lauduni
1227 2377 1305 2443 colle

198 2463 254 2548 git.
302 2461 382 2525 Dux
403 2462 511 2546 itaque
539 2459 704 2544 processit.
747 2458 875 2545 Reliqui
897 2460 1016 2542 etiami,
1045 2461 1165 2546 quibus
1193 2482 1306 2549 quoque

199 2543 430 2609 consulendum
458 2553 541 2624 erat,
574 2550 647 2605 ante
675 2564 785 2627 regem
813 2552 1043 2629 consequenter
1068 2543 1206 2610 admissi
1236 2553 1305 2610 sunt

199 2626 325 2708 Quibus
346 2627 569 2708 residentibus,
591 2648 651 2690 rex
672 2623 834 2710 duplicem
848 2628 998 2691 iniuriam
1019 2625 1082 2692 sibi
1103 2627 1227 2694 illatam
1247 2651 1306 2694 esse

199 2718 437 2791 commemorat,
460 2731 534 2772 cum
555 2710 646 2792 regni
667 2710 716 2772 sui
736 2731 812 2794 pars
833 2709 874 2774 ab
896 2711 986 2776 hoste
1007 2723 1166 2799 usurpata
1180 2714 1306 2780 fueritet

197 2795 267 2879 ipse
288 2792 388 2858 hostis
409 2793 552 2856 adfines
576 2814 649 2856 suos
670 2795 858 2858 temerarius
884 2796 1062 2860 accesserit.
1106 2796 1178 2862 Nee
1205 2795 1306 2861 maiori

197 2877 331 2941 iniuriae
353 2899 432 2958 esse,
455 2876 564 2968 quodk
584 2876 733 2958 tenuerit,
777 2898 852 2940 uam
863 2880 939 2976 quia
959 2888 1069 2943 tenens
1090 2880 1133 2944 ad
1148 2880 1231 2947 fines
1244 2901 1306 2946 suos

198 2959 349 3024 accedere
381 2968 446 3023 non
476 2959 703 3024 formidaverit.
756 2898 804 3024 (60
836 2971 933 3025 etlam
964 2961 998 3026 id
1030 2962 1133 3028 multa
1165 2965 1304 3030 aviditate

197 3043 310 3107 ulcisci
330 3042 420 3126 velle,
442 3045 469 3108 si
491 3043 623 3108 consilio
645 3065 703 3108 suo
725 3043 824 3108 velint
845 3044 966 3110 cedere.
1009 3045 1078 3110 Nec
1099 3069 1200 3132 posse
1221 3072 1254 3114 se
1272 3047 1305 3112 ab

81 3136 119 3192 ’0
136 3127 258 3191 euhoe
279 3128 385 3192 animo
407 3129 588 3227 temperari,
610 3129 638 3192 si
660 3127 775 3191 *adid
797 3127 956 3213 agendum
978 3129 1072 3215 copia
1093 3129 1232 3197 militum
1252 3152 1307 3196 000

197 3211 356 3277 defecerit.
400 3210 527 3278 Gratias
556 3212 653 3276 etiam
683 3233 752 3276 sese
782 3211 973 3299 quandoque
1000 3212 1214 3300 redditurum,
1236 3216 1262 3282 si
1278 3213 1306 3279 id

197 3296 283 3384 quod
305 3297 515 3383 cupitaeque
537 3298 644 3360 animo
665 3295 860 3360 adoriantur.

257 3445 260 3452 ·
292 3417 343 3482 69.
385 3417 543 3503 Impetus¹
566 3414 732 3480 Gallorum
753 3417 961 3501 spontaneus¹
982 3417 1016 3479 in
1038 3415 1194 3484 Ottonem
1202 3421 1221 3485 ¹.

278 3519 358 3583 Mox
379 3517 447 3581 dux
468 3530 500 3584 et
520 3511 576 3582 alii
595 3519 747 3603 primates
769 3518 837 3582 sine
859 3516 1056 3583 deliberandi
1082 3520 1306 3587 consultatione

196 3603 385 3668 sententiam
407 3603 529 3687 regiam
556 3600 711 3666 attollunt.
756 3601 833 3666 Sese
863 3612 976 3688 sponte
1004 3603 1106 3666 ituros
1134 3623 1210 3669 cum
1231 3625 1306 3690 rege,

196 3695 227 3750 et
249 3686 400 3750 Ottonem
421 3695 476 3750 aut
497 3708 569 3750 com
592 3685 782 3750 rehensuros
810 3696 866 3750 aut
893 3686 1114 3750 interfecturos
1141 3698 1201 3753 aut
1227 3688 1307 3774 luga

179 3778 293 3850 turos,
314 3767 513 3853 pollicentur.
584 3770 656 3832 uius
668 3767 836 3833 consilium
857 3770 1000 3854 negotii*
1022 3768 1307 3838 dissimulatumad

270 3927 294 3994 *)
314 3945 337 3980 c.
356 3934 474 3980 tractant
492 3935 572 3996 atque
592 3933 716 3982 ordinant
735 3930 807 3983 Galli
827 3930 930 3982 Celtae.
968 3931 1046 3994 Quod
1066 3932 1133 3985 adol.
1156 3935 1183 3988 1.

256 4071 279 4125 a)
296 4083 310 4112 a
325 4074 378 4124 dal.;
400 4075 433 4126 ts,
454 4075 537 4116 sabaa.
596 4075 620 4128 b)
637 4077 762 4116 vocobulum
777 4087 870 4118 erasum.
931 4075 952 4130 0)
974 4079 1078 4120 elevatus
1095 4081 1116 4122 1.
1196 4079 1219 4133 d)
1234 4090 1307 4122 sm.

196 4130 218 4182 0)
232 4133 369 4183 plerumque
391 4134 411 4176 l.
490 4131 576 4185 flcum
598 4139 760 4175 -teneretur
778 4137 829 4175 otiis
849 4137 918 4176 erasis
938 4142 957 4177 et
977 4138 1080 4178 vocabulo
1103 4139 1223 4182 diceretur
1243 4141 1306 4182 actea

194 4189 268 4306 Gillo,
284 4203 300 4231 0
312 4191 371 4302 phebe.
438 4189 463 4243 h)
480 4193 504 4232 ta
519 4194 565 4233 loco
579 4205 639 4234 raso.
707 4192 725 4246 t)
741 4204 832 4244 quoque
850 4197 869 4237 1.
937 4194 962 4248 k)
979 4197 999 4236 si
1013 4200 1093 4238 teneat
1109 4199 1132 4240 1.
1194 4199 1212 4253 l)
1228 4211 1262 4256 ns,
1276 4209 1307 4249 or,

232 4255 310 4293 tonam
336 4261 392 4290 aec.

270 4349 297 4418 1)
316 4349 437 4415 Nugatur
455 4346 595 4398 Rieherus.
