2820 4824
250 377 301 427 132
491 373 643 425 RIOHERI
662 372 913 425 HISTORIARUM
931 372 1042 424 LIBER
1055 372 1128 424 ¹IIII.

187 558 238 599 ⁹8⁷·
263 541 330 605 ‘uos
353 541 415 603 nisi
436 561 564 625 parvos
579 539 719 625 paternis
734 537 907 604 honoribus
927 538 1096 602 restituar?
1140 539 1276 604 Utinam
1290 542 1358 604 mihi

249 564 447 708 lbrtunisque
480 624 558 686 meis
591 625 742 686 honestus
776 623 881 686 exitus
921 622 1098 686 accidisset.
1154 621 1246 702 Quid
1284 625 1357 688 enim

249 707 393 772 abiectus
416 731 431 770 s
456 705 636 772 astantibus
652 707 715 769 nisi
730 705 948 789 spectaculum
970 727 1038 768 esse
1061 705 1199 803 potero?
1243 707 1358 793 Tangat

249 813 308 856 vos
323 790 429 902 aliqua
465 790 649 854 umanitatis
665 789 837 853 miseratio.
882 789 1110 873 Campatimmi
1125 791 1225 854 tantis
1242 791 1356 855 iniuriis

248 875 305 939 fati
328 882 399 938 ate.

306 897 383 1021 g10.
426 958 602 1041 Postquam
623 954 762 1019 Karolus
785 955 881 1019 finem
904 956 1121 1040 querimoniae
1144 955 1357 1037 1001110000-

249 1039 408 1126 politanus
435 1041 541 1103 animo
574 1038 748 1104 immobilia
776 1039 964 1123 persistens,
998 1059 1102 1124 pauca
1131 1038 1308 1103 admodum
1332 1041 1356 1104 ei

249 1146 299 1187 res
325 1124 429 1188 ondit:
473 1123 586 1205 ‘Oum',
615 1122 779 1207 inquiens,
807 1124 952 1207 ‘periuris
980 1132 1011 1186 et
1040 1121 1204 1207 sacrilegis
1231 1123 1355 1210 aliisque

249 1230 289 1272 110
302 1209 377 1272 ariis
403 1207 585 1272 hominibus
615 1207 685 1291 ipse
714 1227 840 1290 semper
867 1205 992 1270 deditus
1023 1205 1130 1286 fueris,
1159 1228 1221 1269 nec
1249 1205 1290 1270 ab
1317 1209 1354 1271 eis

250 1290 355 1354 adhuc
377 1291 542 1355 discedere
557 1289 645 1371 velis,
690 1288 847 1352 uomodol‘
870 1312 927 1374 per
949 1288 1026 1353 tales
1048 1299 1080 1353 et
1101 1311 1175 1352 cum
1191 1288 1308 1354 talibus
1320 1289 1355 1353 ad

249 1375 464 1460 principatum
484 1373 593 1438 venire
622 1374 696 1436 mo’
715 1371 775 1435 is'?
816 1372 869 1436 Ad
898 1374 978 1436 haec
998 1372 1118 1436 Karolo
1141 1374 1355 1457 respondente,

250 1480 315 1522 non
337 1468 481 1542 opertere
503 1479 572 1521 sese
594 1478 668 1520 suos
692 1456 847 1536 descrere,
874 1455 931 1520 sed
952 1456 1058 1541 potius
1080 1455 1160 1520 alios
1184 1456 1354 1542 adquirere,

251 1543 418 1639 episcopus
448 1542 530 1605 intra
559 1563 592 1604 se
614 1539 846 1623 recogitabat0:
870 1539 982 1620 ι011111,
1004 1540 1183 1624 inquiensd,
1213 1541 1355 1604 ‘omnium

251 1624 442 1710 dignitatum
463 1645 548 1686 nunc
571 1645 679 1707 egens,
702 1623 809 1706 pravis
831 1622 1011 1721 quibusque
1034 1645 1180 1687 annexus
1208 1633 1266 1706 est,
1289 1645 1355 1722 quo·

250 1730 322 1771 rum
344 1708 488 1770 sotietate
509 1705 595 1769 nullo
617 1705 712 1769 modo
735 1728 842 1771 carere
863 1705 940 1788 vult,
965 1729 999 1768 m
1022 1715 1174 1792 quantam
1196 1709 1355 1792 parnitrem

251 1792 408 1855 bonorum
438 1798 537 1872 esset,
570 1789 597 1853 si
625 1788 743 1854 electus
770 1789 956 1874 procederet
982 1791 1016 1853 in
1043 1790 1165 1854 fasces’.
1220 1790 1355 1855 Tandem

252 1873 320 1937 sine
365 1873 525 1957 rincipum
553 1894 710 1936 consensu
736 1895 770 1936 se
798 1895 893 1958 super
921 1873 982 1936 hoc
1011 1871 1108 1936 nihile
1136 1873 1296 1938 facturum
1316 1895 1355 1937 re-

252 1896 422 2042 spondens,
452 1956 493 2020 ab
516 1978 553 2020 00
576 1955 731 2020 dimotusf
751 1965 808 2021 est.
851 1956 990 2020 Karolus
1006 1979 1063 2042 spe
1085 1958 1178 2041 regni
1201 1955 1353 2038 decidens,

134 2041 358 2106 ‘roruatanimo
380 2038 535 2122 *turbatq
558 2039 592 2103 in
612 2038 778 2125 Belgicam
798 2041 858 2104 iter
880 2040 1023 2104 dimovit.

464 2199 512 2261 ll.
556 2197 686 2262 Oratio&
708 2194 961 2280 metropolitani&
982 2218 1040 2281 pro
1063 2195 1153 2259 duce.

335 2318 484 2381 Preterea
512 2326 656 2402 tempore
683 2315 852 2379 constituto
881 2312 1056 2378 Galliarum
1077 2315 1242 2461 principes
1272 2315 1356 2378 iurati

253 2399 425 2465 Silvanecti
446 2399 571 2464 collecti
592 2408 693 2464 sunu.
738 2397 862 2478 Quibus
884 2399 917 2460 in
933 2400 1022 2461 curia
1036 2397 1189 2461 residenti
1213 2421 1262 2479 us,
1284 2399 1356 2461 duce

231 2493 408 2548 annuente
430 2493 530 2547 metro
556 2481 692 2547 olitanus
721 2482 767 2544 sic
793 2480 918 2544 locutus
940 2490 1000 2545 est:
1037 2481 1151 2545 ‘Divae
1172 2481 1355 2545 memoriaeh

251 2566 415 2629 Ludovico
438 2567 505 2629 sine
526 2506 635 2630 liberis
659 2564 741 2628 orbii
765 2564 939 2645 subtracto,
962 2563 1160 2649 querendum
1176 2563 1278 2629 multa
1291 2563 1356 2628 deli-

251 2649 416 2712 beratione
436 2648 505 2730 fuit,
528 2650 584 2733 qui
605 2650 673 2711 eius
695 2648 779 2710 vices
800 2648 834 2709 in
855 2669 953 2732 regno
976 2647 1147 2733 suppleret,
1175 2671 1216 2712 ne
1238 2671 1289 2713 res
1309 2670 1356 2733 pu-

251 2728 336 2793 blica
364 2731 483 2814 absque
511 2732 722 2814 gubernatore
750 2729 896 2827 neglecta
920 2729 1174 2795 labefactaretur.
1219 2732 1313 2796 Unde
1332 2740 1357 2796 et

252 2810 435 2876 huiusmodi
459 2815 623 2898 negotium
649 2833 752 2896 nuper
778 2813 897 2877 differri
923 2813 999 2878 utile
1022 2813 1184 2895 duximus,
1214 2825 1252 2879 ut
1272 2836 1356 2879 unus-

254 2895 399 2980 quisque,
423 2896 509 2981 quod
536 2893 704 2979 singularis
726 2918 746 2959 a
770 2895 841 2960 Deo
870 2897 979 2961 datum
1006 2896 1146 2979 haberet,
1175 2897 1228 2961 hic
1260 2919 1356 2963 coram

254 2977 429 3060 consulens,
452 2989 526 3077 post
547 2978 738 3061 effunderet3
761 2987 805 3061 ut,
821 2979 961 3046 collectis
976 2979 1175 3066 singulorum
1191 2982 1356 3062 sententiis,

253 3083 378 3125 summa
409 3070 506 3127 tetrus
538 3060 660 3126 consilii
689 3085 731 3127 ex
756 3061 966 3128 multitudinis
993 3086 1097 3128 massa
1125 3063 1356 3130 deformaretur.

252 3143 404 3210 Reductis
431 3169 506 3232 ergo
534 3148 598 3210 iam
626 3168 710 3211 nunc
736 3145 829 3210 nobis
858 3149 892 3211 in
920 3169 1029 3229 unum,
1058 3146 1157 3213 multa
1186 3149 1357 3234 prudentia,

252 3227 351 3294 multa
371 3228 445 3312 fide,
474 3229 671 3294 videndumt
693 3238 748 3312 est,
776 3253 816 3293 ne
839 3239 894 3295 aut
915 3231 1023 3295 odium
1044 3232 1200 3295 rationem
1223 3232 1300 3296 dissi
1323 3238 1357 3310 ai,

251 3323 307 3378 aut
327 3335 417 3377 amor
438 3315 604 3379 veritatem
626 3322 764 3378 enervet.
807 3314 880 3377 Non
902 3316 1097 3399 ignoramus,
1119 3313 1280 3378 Karolum
1298 3255 1357 3378 llu-

251 3405 335 3462 tores
358 3419 432 3462 suos
453 3397 580 3478 habere,
603 3398 658 3483 qui
679 3419 753 3462 eum
775 3395 908 3482 dignum
928 3419 1027 3483 regno
1050 3420 1092 3461 ex
1113 3409 1284 3483 parentum
1303 3395 1358 3461 col·

250 3479 367 3546 latione
390 3479 590 3547 contendant.
634 3480 699 3545 Sed
721 3483 749 3544 si
771 3479 810 3544 de
832 3478 892 3543 hoc
913 3482 1028 3566 agitem,
1059 3502 1119 3544 nec
1140 3503 1278 3566 regnum
1297 3482 1358 3543 iure

251 3562 441 3629 hereditario
463 3565 648 3650 adquiritur,
675 3563 789 3628 necin
810 3585 944 3648 regnum
965 3563 1204 3649 promovendus
1227 3575 1285 3646 est,
1304 3562 1358 3626 nisi

273 3670 348 3712 uem
368 3668 433 3711 non
461 3647 565 3711 solum
595 3647 735 3731 corporis
757 3645 916 3730 nobilitas,
947 3646 1004 3712 sed
1033 3656 1064 3710 et
1088 3649 1190 3711 animi
1210 3645 1358 3734 sapientia

251 3667 394 3811 illustrat,
422 3729 501 3794 fides
523 3731 635 3810 munit,
657 3730 903 3814 magnanimitas
924 3729 1039 3798 firmat.
1082 3730 1236 3816 Legimus
1258 3733 1291 3795 in
1311 3751 1358 3793 an·

312 3916 333 3966 a)
348 3917 462 3956 obstinato
478 3929 583 3966 mperscr.
600 3918 638 3957 vel
654 3919 776 3958 immobili.
837 3917 860 3970 b)
878 3930 962 3968 quomo
978 3931 1034 3960 corr.
1052 3920 1173 3967 quomodo.
1244 3919 1265 3971 c)
1282 3916 1357 3966 recogi·

252 3976 303 4014 tana
321 3976 341 4015 1.
400 3973 423 4025 d)
440 3976 521 4024 quiens
535 3987 592 4017 corr.
609 3976 656 4023 inq.
717 3975 739 4026 0)
756 3977 826 4019 11111.
892 3976 911 4029 1)
928 3981 1002 4019 motus
1018 3989 1029 4017 a
1043 3989 1099 4018 cerr.
1168 3978 1194 4029 11)
1211 3978 1249 4031 Or,
1265 3989 1294 4028 po
1308 3977 1356 4016 abac.

252 4029 277 4082 11)
293 4033 323 4071 D.
338 4033 369 4074 M.
384 4043 402 4072 c.
463 4031 480 4082 i)
497 4034 525 4073 ab
541 4033 583 4073 hac
598 4035 646 4073 vita
662 4035 682 4073 1.
740 4034 765 4086 k)
781 4036 820 4075 vid
834 4048 845 4076 0
859 4048 917 4078 corr.

328 4160 355 4228 1)
376 4147 914 4230 (1110110111Νονίοωί(Νογο0)100111111
934 4183 992 4220 esse
1013 4167 1191 4231 contendunt3
1213 4167 1247 4222 cf.
1270 4167 1355 4218 (11010-

253 4235 347 4286 brecht
359 4233 392 4288 K.
407 4234 440 4288 G.
455 4235 477 4303 Ι,
491 4243 517 4302 p.
532 4236 598 4300 ⁸493
619 4241 646 4287 et
666 4238 711 4303 qui
729 4237 778 4288 has
796 4254 839 4290 101
857 4239 940 4292 fusius
956 4243 1078 4307 exposuit
1086 4241 1200 4303 Moerin,
1220 4241 1281 4291 ‘Les
1292 4252 1353 4288 com-

252 4312 293 4359 tes
313 4307 347 4360 de
365 4307 449 4376 Paris,
469 4307 579 4361 histoire
599 4308 632 4360 de
651 4307 830 4362 l'avenament
850 4311 882 4361 de
903 4311 930 4362 la
943 4311 1076 4364 troisieme
1096 4313 1175 4376 race’,
1196 4313 1271 4364 Pan's
1284 4307 1351 4360 1810.
