2820 4824
311 359 466 413 BIOHERI
484 360 737 415 HISTORIARUM
755 363 867 413 LIBER
886 363 923 414 11.
1145 365 1180 415 69

62 537 300 615 tractatumque
322 528 461 612 uberius,
485 529 563 614 quid
584 529 719 595 *efficiat
744 529 981 613 farmaceutica,
1004 532 1081 618 quid
1102 557 1177 599 vero
1189 553 1239 594 111.

64 615 234 698 cirurgica,
262 613 339 700 quid
360 614 457 682 etiam
479 612 638 678 butanica.
680 613 725 678 At
753 613 980 698 Salernitanus,
1010 608 1291 702 peregrina'p·⁶⁰¹··

62 698 196 764 nomina
215 719 281 761 non
301 696 479 779 advertens,
502 698 547 765 ab
569 719 679 762 eorum
707 699 965 784 interpretatione
987 701 1177 768 erubescens

64 782 196 869 quievit.
250 781 377 846 Invidet
407 803 483 866 ergo
512 781 686 868 plurimum
713 803 751 845 ac
779 783 813 845 in
840 784 907 847 eius
929 793 1064 848 mortem
1085 808 1178 852 vene-

63 889 144 932 num
164 887 279 951 parare
300 865 487 948 meditatur3
510 865 661 930 multama
684 864 792 930 dolose
814 865 1060 932 benivolentiam
1082 871 1178 934 simu-

63 949 143 1014 lans.
175 951 293 1013 Parato
314 971 390 1014 vero
412 948 579 1030 maleficio,
602 971 676 1013 cum
696 971 761 1012 una
782 951 815 1012 in
836 950 971 1034 prandio
993 953 1178 1037 residerent,

65 1034 285 1100 salernitanus
306 1056 414 1118 ungue
436 1035 469 1096 in
493 1033 580 1098 udici
601 1035 752 1116 toxicato,
782 1031 938 1118 liquorem
960 1036 1090 1121 piperis,
1135 1061 1177 1103 uo

64 1119 173 1183 cibum
194 1119 313 1204 pariter
334 1057 565 1202 intinguebant,
587 1116 743 1182 loetaliter
763 1117 871 1181 inficit.
922 1119 994 1198 Quo
1016 1061 1176 1187 Deroldus

62 1204 192 1266 incaute
227 1211 371 1286 sumpto,
407 1223 485 1264 mox
520 1210 666 1287 serpente
696 1222 834 1283 veneno,
872 1201 1006 1267 deficere
1039 1206 1176 1302 eoepitb.

62 1286 275 1372 Eductusque
297 1309 317 1349 a
338 1287 413 1366 sirie,
435 1286 573 1349 teriacac
594 1286 661 1349 vim
682 1286 796 1349 veneni
822 1285 955 1371 repellit.
1006 1287 1050 1352 Et
1070 1289 1176 1353 triduo

63 1369 193 1456 expleto
223 1391 331 1434 coram
358 1369 495 1450 rediens,
525 1369 723 1434 Salernitana
748 1369 987 1434 consuescebat.
1038 1372 1176 1436 Interro-

62 1463 158 1540 gatus
180 1474 267 1535 ver0‚
297 1454 374 1540 quid
397 1455 427 1518 ei
447 1454 624 1535 accidisset,
652 1453 808 1518 fleumatis
838 1453 977 1538 frigdore
1000 1477 1033 1518 se
1062 1455 1177 1522 leviter

61 1547 184 1605 tactum
204 1560 255 1602 res
280 1537 382 1620 ondit,
412 1539 584 1623 quicquam
605 1537 725 1602 fraudis
746 1560 779 1600 se
801 1537 1007 1623 perpendisse
1029 1539 1175 1604 dissimu-

61 1623 144 1688 lans.
195 1560 291 1686 Unde
320 1631 352 1686 et
377 1621 500 1685 hostem
526 1623 689 1686 incautum
718 1621 823 1686 efficit.
879 1620 1042 1687 Convivae
1067 1625 1175 1710 itaque
1257 1644 1260 1650 “

61 1706 190 1787 redditi,
220 1704 379 1770 Deroldus
409 1707 552 1770 toxicum
581 1707 663 1770 inter
690 1705 898 1770 auricularem
926 1729 965 1770 ac
987 1706 1175 1773 salutarem1

63 1789 260 1856 occultatum
282 1791 349 1854 eius
372 1789 465 1853 cibod
487 1790 641 1855 sumendo
662 1791 824 1875 respersit.
869 1789 963 1871 Quod
984 1813 1062 1856 mox
1086 1795 1176 1857 venis

61 1897 207 1962 serpens,
228 1877 313 1940 vitae
335 1873 472 1938 calorem
493 1874 632 1958 fugabat.
676 1874 925 1960 Vexatusquea
952 1876 1017 1938 suis
1043 1877 1175 1942 eductus
1267 1890 1270 1894 '

61 1967 121 2025 est.
166 1958 232 2039 Qui
245 1981 367 2022 veneno
388 1957 576 2043 expellendo
594 1979 722 2043 operam
738 1957 826 2040 dans,
850 1957 926 2021 nihil
941 1981 1069 2024 curaea
1092 1961 1175 2026 ebat.

61 2041 262 2108 Deroldum⁰
284 2043 392 2127 itaque
412 2043 620 2126 magnificans
640 2064 864 2126 summumque
881 2064 955 2104 eum
968 2044 1002 2105 in
1016 1983 1176 2108 medicina

62 2125 244 2227 predicans,
276 2127 343 2190 eius
372 2148 480 2189 curam
507 2126 782 2191 vehementissime
809 2124 947 2210 petebat.
997 2127 1061 2206 Qui
1090 2130 1175 2212 regis

62 2233 154 2276 iussu
174 2209 289 2292 flexus,
311 2209 461 2274 antidotis
490 2211 571 2274 datis
600 2209 639 2272 af
660 2211 872 2295 toxicoperss
899 2209 1088 2273 industriam
1110 2233 1175 2274 non

63 2317 108 2360 ex
127 2303 194 2360 toto
215 2296 373 2380 purgavit.
416 2293 499 2356 Nam
522 2302 647 2379 sumpta
668 2293 796 2374 teriaca,
817 2293 866 2356 vis
880 2295 996 2358 veneni
1009 2295 1043 2356 in
1057 2293 1175 2380 pedem

66 2378 226 2443 sinistrum
244 2379 369 2464 penitus
385 2376 509 2464 dilapsa
530 2387 596 2461 est3
618 2379 652 2440 in
672 2385 795 2441 tantum
816 2386 860 2457 ut,
882 2378 969 2462 apud
983 2376 1174 2442 domesticos

66 2483 105 2527 eo
137 2461 331 2526 familiariter
362 2471 485 2546 agente,
517 2469 690 2543 venenum,
723 2462 781 2525 utl
808 2459 946 2544 ’fertura
977 2463 1011 2525 in
1043 2462 1174 2526 modum

66 2545 176 2610 ciceris
197 2568 217 2610 a
238 2547 319 2632 pede
341 2569 399 2630 per
420 2567 535 2610 venam
564 2567 697 2630 surgens
726 2545 767 2609 ab
796 2546 936 2609 antidoto
966 2546 1114 2610 obviante
1140 2547 1174 2608 in

62 2629 180 2717 pedem
207 2629 421 2715 repelleretur.
471 2629 596 2710 Quibus
627 2629 805 2693 diutissime
837 2629 883 2692 sic
912 2630 1173 2715 repugnantibus,

60 2736 120 2800 pes
152 2715 188 2778 in
220 2715 302 2778 cutis
335 2714 502 2861 superficie
533 2714 662 2778 foratur.
709 2713 873 2798 Factoque
902 2713 1024 2797 morbo,
1056 2724 1129 2799 post
1154 2735 1174 2776 a

60 2799 147 2864 cirur
171 2799 197 2862 's
219 2797 368 2863 miserabi
382 2807 440 2863 iter
461 2797 645 2863 absciditur.

146 2821 198 2947 dl).
235 2883 396 2946 *Interea²
428 2881 494 2945 dux
515 2883 698 2946 Neustriam
728 2881 926 2946 combustam
952 2881 1240 2968 direptamque‘ror.
1256 2903 1294 2947 ss.

59 2966 183 3048 dolens,
207 2967 382 3031 exercitum
404 2975 505 3051 parat,
528 2968 573 3031 eti
595 2967 629 3030 in
650 2964 829 3048 Arnulfum,
851 2987 924 3029 cum
938 2965 972 3028 in
986 2988 1094 3050 regern
1109 2981 1234 3030 11111947.

59 3050 204 3132 auderet,
225 3049 420 3115 truculentus
443 3050 581 3114 effertur.
625 3048 754 3135 Oppida
776 3071 903 3135 quoque
923 3048 1007 3112 illius
1029 3048 1172 3135 aliquotl

59 3136 240 3220 impugnat.
296 3136 341 3197 At
372 3156 445 3197 curn
477 3157 535 3218 per
566 3133 634 3198 dies
664 3155 721 3196 sex
753 3131 873 3196 nullum
906 3132 1173 3218 comprehendere

59 3227 188 3306 posset,
224 3227 299 3282 voto
329 3217 496 3282 frustratus
528 3240 586 3281 sua
617 3219 743 3302 repetit.
796 3216 888 3296 Quae
923 3217 999 3280 dum
1036 3241 1055 3281 a
1090 3216 1172 3281 duee

31 3316 35 3327 '
59 3311 256 3388 gererentur,
277 3324 336 3366 rex
351 3302 514 3367 obsidione
528 3301 709 3365 Mosomum
746 3300 897 3382 remebat,
918 3322 956 3364 eo
979 3301 1064 3386 quod
1082 3301 1173 3365 ducis

59 3408 161 3474 nepos
183 3386 280 3470 Hugo
302 3410 322 3450 a
342 3386 531 3472 pontificatu
552 3386 695 3450 abiectus
716 3323 836 3448 ibidem
857 3396 1042 3448 moraretur.
1076 3385 1172 3449 Hunc

60 3472 170 3558 itaque
191 3470 361 3536 infestabat
381 3471 414 3534 in
436 3469 526 3535 ducis
552 3465 783 3533 contumeliam.
824 3466 870 3531 At
891 3467 1005 3532 ducem
1027 3469 1068 3533 ab
1091 3468 1173 3532 obsi-

60 3554 156 3633 dione
172 3553 355 3619 discessisse
371 3555 577 3639 comperiens,
595 3555 664 3640 ipse
680 3573 806 3639 quoque
820 3553 938 3616 Remos
952 3552 1076 3636 repetit.
1100 3553 1174 3632 Qua

60 3639 158 3704 etiam
180 3646 244 3704 tem
269 3647 367 3704 estate
393 3639 484 3702 Bovo
513 3637 791 3702 Catalaunensium
821 3636 990 3734 episcopus
1017 3634 1077 3700 hac
1105 3638 1173 3700 vita

60 3722 208 3788 decessit.
243 3661 304 3787 dui
326 3722 420 3786 etiam
443 3744 520 3786 mox
543 3723 706 3786 successit¹
729 3719 790 3783 ab³
811 3741 887 3804 rege
903 3718 1062 3804 G1puinus
1077 3720 1173 3784 totius

120 3865 144 3920 a)
166 3867 243 3918 Atque
265 3866 298 3919 (id
313 3865 427 3918 11111111)
449 3867 470 3906 d.
491 3865 623 3907 1111111111
643 3867 662 3906 1.
730 3862 754 3916 b)
777 3866 838 3915 cepit
854 3876 910 3907 corr.
926 3865 1008 3914 coepit.
1076 3861 1097 3916 c)
1119 3876 1172 3904 mox

60 3927 216 3969 1111111111,
284 3925 307 3978 d)
325 3937 344 3968 c.
361 3936 414 3965 mox
430 3927 450 3967 1.
516 3921 537 3975 e)
558 3923 686 3964 Deroldii.
703 3922 923 3976 attemperanda.)
941 3925 961 3962 1.
1025 3919 1043 3973 f)
1067 3933 1081 3962 a
1096 3924 1119 3962 vi
1135 3934 1172 3963 ve-

60 3987 117 4026 neni
139 3996 202 4036 pene
226 3996 292 4035 purg.
317 3988 337 4024 1.
411 3983 434 4035 g)
457 3995 478 4032 p.
500 3983 515 4020 t.
535 3983 559 4021 in
575 3993 652 4032 11111,
673 3983 711 4022 obt
730 3987 778 4023 toto
800 3983 903 4032 corporis
924 3987 943 4021 et
963 3982 1008 4020 atio
1030 3992 1094 4020 erasa
1114 3987 1171 4024 snat.

59 4042 84 4095 h)
99 4049 151 4094 1111
160 4045 210 4086 add.
271 4041 534 4094 11111111111111111.
595 4040 619 4092 k)
636 4046 708 4089 aquot
721 4053 778 4083 corr.
795 4042 890 4090 aliquot.
951 4039 969 4092 l)
986 4041 1142 4082 (1111111111.
1152 4043 1172 4092 1,

56 4103 156 4155 sortasse
171 4104 235 4143 ctiam
249 4104 314 4142 verbo
330 4103 359 4142 ab
375 4112 428 4151 rege
444 4102 511 4140 delere
526 4100 593 4141 voluit
608 4106 690 4140 auctor.

138 4205 164 4268 1)
195 4205 340 4256 Auctorem
370 4204 528 4255 annularem
558 4202 674 4254 scribere
701 4202 825 4265 voluisse,
854 4203 977 4268 opinatus
998 4208 1038 4253 est
1057 4200 1171 4253 Guadet.

58 4275 413 4405 {polltpgpdnqulodoardum
439 4279 565 4343 sequitur.
640 4273 669 4341 3)
688 4276 770 4342 Regis
794 4274 893 4326 nullam
919 4276 1080 4326 mentionem
1105 4273 1171 4323 facit
