2820 4824
304 371 458 424 monum
476 371 728 426 HISTORIARUM
746 373 857 425 LIBER
874 373 941 425 1111.
1126 376 1178 426 too

150 541 200 604 54.
244 537 363 603 Contra
383 538 463 603 haec
484 560 556 604 cum
578 539 708 638 qnidam
720 539 926 604 residentium
939 540 1174 627 responderent,
1188 560 1241 602 sor.

64 623 247 689 huiusmodi
267 623 427 686 hominem
477 633 659 688 uantotrusa
686 623 939 689 convincendum
964 628 1067 689 etsie
1092 620 1234 691 iusto¹¹¹¹¹·
1250 618 1286 660 ¹⁷·

64 708 178 772 iuditio
206 645 613 793 puniendum1,biguinus
645 710 815 794 episcopus
846 730 910 773 non
939 707 974 771 id
1006 731 1074 773 sese
1105 677 1253 795 per-m
1269 687 1289 719 θ’
1306 677 1329 718 θ’

64 793 238 855 missurum
258 791 430 876 respondit,
452 800 488 854 ut
507 794 544 872 is,
567 793 623 877 qui
643 794 816 856 maiestatis
829 814 902 856 reus
916 802 1093 876 accusatur,
1115 793 1174 859 sub

66 873 256 939 discutiendi
278 895 410 939 censura
429 886 576 960 ponatur,
597 877 659 938 nisi
679 886 751 940 ante
767 898 808 939 ex
821 876 1023 940 iureiurando
1039 879 1173 962 promis-

66 961 188 1024 sionem
208 957 422 1042 indulgentiae
442 958 483 1024 ab
504 959 633 1043 regibus
655 968 687 1023 et
707 982 725 1022 e
748 961 865 1057 iscopis
886 961 1032 1044 accipiat
1072 960 1174 1045 quue

65 1041 248 1107 faciendum
273 1043 433 1108 asserebat
461 1064 503 1106 ex
529 1041 654 1107 concilii
679 982 824 1107 Toibtam
850 1045 953 1127 capite
974 1045 1025 1108 31.
1069 1043 1176 1127 Quod,

67 1128 143 1214 quia
163 1125 311 1192 brevitati
332 1126 505 1208 studemus,
530 1127 693 1190 omisimus
715 1147 842 1211 ponere.

163 1284 232 1346 54*.
276 1281 525 1347 Sermocinatiob
546 1282 712 1347 Daibertib
733 1283 812 1365 prob
832 1281 944 1345 iuditio
966 1282 1080 1347 dando.

148 1383 322 1448 Daibertus
351 1383 598 1448 Bituricensium
626 1383 903 1533 archiepiscopusc
928 1384 1048 1450 dixit²:
1081 1384 1207 1455 ‘Cuma
1222 1412 1246 1453 4.

65 1477 189 1532 constet
208 1466 339 1549 factum,
368 1478 400 1532 et
420 1468 460 1531 de
480 1469 607 1532 nomine
627 1466 703 1531 faeti
745 1465 877 1530 ubitatio
898 1468 984 1532 nulla
1005 1471 1055 1550 sit,
1077 1490 1176 1555 quan-

64 1562 134 1618 tum
178 1572 283 1636 uoque
304 1551 425 1614 facinus
446 1551 671 1637 perpendatur,
692 1550 850 1637 quomodo
865 1573 907 1615 ex
920 1555 1105 1617 necessitate
1119 1574 1174 1616 reo

64 1637 108 1700 sit
127 1575 367 1719 indulgendum,
396 1637 522 1720 penitus
543 1657 608 1698 non
628 1633 768 1698 adverto.
811 1634 875 1697 Hic
903 1639 991 1700 enim
1014 1639 1173 1700 incurrere

64 1721 241 1784 necessitas
261 1718 395 1799 videtur,
417 1740 489 1782 cum
510 1718 657 1782 iuditium
677 1717 944 1804 promulgandum
963 1723 1092 1803 nonsit,
1114 1721 1177 1784 nisi

64 1805 155 1889 prins
178 1826 216 1865 su
240 1801 328 1885 plicii
348 1800 543 1886 induigentia
557 1803 772 1867 convincendo
788 1823 938 1867 concessa
951 1803 1054 1868 fuerit.
1090 1805 1135 1868 At
1149 1805 1177 1867 si

64 1887 107 1950 ad
136 1826 291 1951 semdae
318 1887 388 1949 iura
418 1908 468 1950 res
493 1888 618 1966 ieiatur,
652 1887 875 1973 quodcumque
908 1887 1010 1952 scelus
1042 1890 1177 1974 quisque

65 1972 270 2120 wffmisfirit'
293 1968 466 2033 secundum
507 1967 632 2033 sceleris
647 1969 777 2034 modum
791 1972 1002 2054 poenitentiae
1017 1972 1177 2035 severitati

64 2077 104 2119 su
126 2056 196 2118 iace
220 2052 261 2118 it'.

150 2138 201 2203 55.
243 2136 422 2201 Herivevus
442 2136 646 2201 Belvacensis
668 2138 834 2220 episcopus
856 2136 953 2201 dixit:
980 2136 1178 2201 ‘Cavendum

65 2241 267 2305 summopere
299 2229 362 2301 est,
394 2243 434 2284 ne
463 2219 493 2283 le
516 2242 550 2283 es
578 2219 701 2283 divinas
733 2219 912 2284 forensibus
945 2242 1017 2284 com
1041 2243 1176 2285 aremus.

64 2303 243 2370 Plurimum
264 2305 370 2368 enim(l
391 2325 411 2366 a
432 2327 466 2368 se
487 2242 641 2383 ‹dffenmt
665 2326 739 2367 cum
753 2303 931 2367 divinarum
947 2305 987 2367 sit
1024 2303 1176 2369 eaecele·

64 2390 201 2454 siasticis
222 2389 357 2472 negotiis
378 2396 513 2452 tractare
534 2398 566 2452 et
587 2386 776 2450 secularium
802 2385 996 2450 secularibus
1022 2386 1177 2451 adhiberi.

67 2473 214 2552 Quarum
264 2475 362 2536 rimae
390 2481 477 2535 tanto
506 2471 660 2534 secundas
686 2479 845 2554 superant,
876 2481 993 2556 quanto
1020 2471 1178 2535 secundae

65 2557 209 2641 primis'
246 2557 361 2620 eriores
383 2565 465 2618 sunt.
500 2553 594 2618 Unde
616 2564 647 2618 et
667 2553 781 2618 divinis
796 2577 853 2639 per
868 2556 973 2617 omnia
988 2576 1063 2619 suus
1077 2554 1179 2619 honor

68 2638 244 2703 servandus
266 2650 321 2703 est.
355 2637 391 2702 Si
411 2660 486 2724 ergo
507 2639 604 2702 frater
624 2647 656 2701 et
676 2639 884 2722 coepiscopus
904 2648 1013 2703 noster
1027 2638 1179 2703 Amulius

68 2724 242 2787 maiestatis
262 2745 334 2787 reus
356 2724 520 2786 convictus
542 2721 644 2802 filerit,
666 2743 725 2806 pro
748 2721 934 2785 sacerdotali
954 2724 1130 2787 reverentia
1148 2731 1180 2786 et

67 2808 233 2892 sanguinis
259 2805 411 2870 affinitate
440 2827 459 2869 a
487 2807 694 2870 serenissimis
721 2806 852 2890 regibus
873 2804 1101 2891 indulgendum
1122 2805 1177 2870 ali-

68 2901 226 2976 quatenus
246 2912 310 2954 non
331 2892 446 2955 abnuo
482 2889 590 2953 Iuditii
610 2898 717 2953 tamen
739 2891 947 2953 sententiam⁰
970 2892 1097 2954 omnino
1112 2912 1178 2954 non

67 2974 216 3060 effugiet,
249 2976 276 3037 si
308 2995 365 3037 sua
397 2974 592 3038 confessione
623 2972 773 3058 indignus
805 2972 993 3038 sacerdotali
1025 2973 1178 3059 dignitate

67 3058 338 3123 manifestabitm’.

247 3196 297 3258 56.
339 3194 536 3280 Indignatiof
554 3193 731 3256 Bnmonisf
748 3195 782 3256 in
803 3191 971 3256 Amulium
981 3194 998 3256 f.

153 3296 261 3360 Brimo
272 3296 482 3381 Lingonensis
493 3297 662 3382 episcopus
673 3294 769 3358 dixit:
781 3295 884 3357 ‘Hunc
896 3295 980 3359 unde
990 3294 1063 3357 hietl
1075 3317 1179 3359 sermo
1191 3325 1210 3354 ο.
1226 3313 1247 3354 o.

67 3378 206 3445 habetur
227 3381 261 3442 in
281 3379 338 3443 has
360 3381 502 3444 miserias
523 3380 729 3464 precipitasse
746 3377 866 3460 videor,
888 3399 961 3441 cum
975 3387 1086 3441 contra
1100 3377 1178 3440 mul-

68 3474 176 3528 torum
196 3463 353 3527 bonorum
373 3472 448 3527 vota
472 3463 514 3527 ad
542 3463 670 3526 honoris
702 3463 825 3526 culmen
853 3463 995 3547 provexi.
1049 3460 1093 3524 Et
1118 3461 1180 3525 hoc

68 3569 137 3612 non
158 3545 260 3610 solum
280 3557 411 3632 propter
431 3549 534 3610 carnis
555 3545 739 3610 affinitatem
762 3544 861 3626 effeci,
888 3545 944 3608 sed
966 3547 1061 3609 etiam
1081 3554 1118 3608 ut
1138 3545 1181 3608 ad

68 3629 210 3695 melioris
231 3631 314 3694 vitae
336 3639 452 3694 statum
472 3629 561 3694 illum
581 3628 785 3711 attraherem,
813 3650 886 3692 cum
906 3650 971 3692 non
990 3631 1179 3714 ignorarem,

67 3717 178 3800 ipsum
192 3712 410 3778 Laudunensis
424 3713 512 3778 urbis
527 3734 731 3800 pervasorem
752 3716 864 3797 *atque
882 3712 1020 3778 nefariae
1034 3712 1180 3777 factionis
1189 3722 1198 3743 ⁸
1208 3739 1230 3778 r.
1247 3725 1297 3771 ⁶⁴⁶·

68 3798 277 3863 temerarium
304 3797 497 3883 prinoipem,
529 3795 589 3862 sub
620 3798 688 3860 iure
719 3797 901 3882 cirographi
927 3798 1056 3882 regibus
1081 3796 1179 3862 fidem

70 3879 299 3968 spopondiss03
322 3903 380 3966 pro
401 3880 487 3945 nullo
506 3881 656 3966 preterito
677 3889 733 3944 aut
745 3879 851 3945 futuro
867 3891 1063 3945 sacramento
1079 3880 1177 3947 fidem

132 4066 157 4121 a)
173 4069 302 4118 quamcito
320 4071 342 4109 1.
410 4066 435 4120 b)
451 4069 539 4121 Sermo,
554 4070 613 4110 berti
627 4081 677 4122 pro,
693 4071 722 4110 da
736 4070 807 4118 oham
823 4069 900 4111 Oratio
915 4072 943 4110 D.
961 4072 981 4112 1.
1049 4070 1070 4123 o)
1086 4074 1116 4113 D.
1134 4075 1182 4123 epi·

69 4140 157 4180 scopus
174 4130 195 4170 1.
256 4127 279 4179 d)
292 4133 343 4178 port
357 4128 407 4169 aad.
467 4126 488 4179 e)
505 4130 649 4169 severitatem
665 4130 685 4169 1.
744 4127 829 4181 ond,
844 4131 899 4181 Bru,
914 4127 1057 4183 Amantium)
1073 4132 1131 4172 abac.

148 4257 177 4326 1)
195 4260 272 4310 Haae
291 4260 420 4312 Richerus
439 4259 550 4312 addidit.
616 4256 645 4325 2)
665 4261 796 4312 Orationis
815 4276 920 4312 sensnm
940 4261 991 4310 hoc
1011 4265 1038 4311 et
1056 4263 1180 4326 sequenti

71 4349 135 4400 cap.
156 4339 250 4384 auctor
268 4335 388 4385 mutavit.
