2820 4824
208 341 242 392 58
462 339 615 391 RICHERI
634 339 886 392 HISTORIARUM
905 339 1016 393 LIBER
1034 342 1072 394 II.

147 508 384 574 esaohtruncat.
427 507 531 572 Tanta
553 527 679 593 quoque
701 506 798 572 caede
820 507 953 592 gentiles
974 508 1037 573 fusi
1052 518 1136 590 sunt,
1160 518 1319 574 uteorum

208 593 312 658 900οἓ
334 612 406 656 cesa
427 591 473 656 ihi
494 589 694 656 referrentur.
737 589 864 678 Reliqui
885 613 972 675 vero,
995 593 1182 680 paucissimi
1205 603 1319 676 tamen,

107 690 111 698 '
206 674 312 740 navali
333 673 481 762 profugio
504 675 604 760 erepti
627 684 708 739 sunt.
740 675 811 740 Rex
832 674 933 740 adeob
955 677 1091 742 victoria
1115 678 1239 776 potitus
1265 688 1318 759 est,

208 782 336 825 suorum
358 769 465 825 tamen
494 759 604 844 paucis
633 758 722 842 fusis,
752 758 911 823 nonnullis
937 782 1013 826 vero
1040 763 1201 826 saumatis.
1246 763 1319 826 Post

208 865 342 930 quorum
358 864 466 906 curam
485 842 589 908 redire
604 841 785 928 disponens,
801 843 981 908 Rodomum
996 844 1129 910 Erluino
1145 846 1318 928 commisit,

207 929 277 1015 ipse
301 927 535 1014 Oompendium
557 926 693 991 rediens.

278 1069 327 1133 36.
360 1066 513 1132 Artoldus
535 1066 793 1152 archiepiscopus
820 1068 961 1131 tirannos
990 1066 1121 1132 dimittit
1148 1076 1180 1131 et
1208 1066 1251 1130 ad

639 1172 747 1235 regem
768 1152 890 1215 transit.

291 1271 362 1352 Quo
386 1293 460 1335 eum
481 1271 647 1335 advenisse
670 1269 837 1334 dinoscens
851 1269 1013 1353 Artoldus,
1035 1272 1091 1357 qui
1111 1271 1145 1334 in
1168 1269 1318 1335 coenobio

208 1357 308 1421 saneti
329 1354 438 1420 Basoli
461 1354 650 1419 confessoris
681 1355 722 1419 ab
754 1355 832 1419 urbe
867 1353 978 1440 pulsus
1014 1353 1210 1437 morabatur,
1246 1377 1318 1419 mox

209 1439 361 1526 quicquid
376 1461 395 1502 a
410 1439 536 1502 tiranno
559 1435 621 1501 sibi
642 1436 788 1502 relietum
810 1449 878 1504 erat
892 1435 1043 1522 abiciens,
1064 1437 1107 1502 ad
1126 1459 1239 1523 regem
1254 1461 1318 1503 sese

208 1522 349 1604 contulit,
372 1520 504 1586 mallens
526 1521 613 1620 apud
641 1543 714 1586 eum
740 1543 842 1607 parvo
872 1531 1038 1587 contentus
1066 1525 1195 1605 morari,
1226 1543 1318 1608 quam

208 1605 402 1671 insaciabilis
416 1606 555 1670 tirannn1
570 1604 734 1669 beneficiis
751 1605 894 1671 detineri.
926 1607 997 1671 Rex
1011 1605 1292 1692 metropolitanum
1299 1618 1318 1689 ⁰,

209 1712 272 1776 quo
300 1691 369 1835 ipse
396 1712 455 1753 rex
483 1698 685 1754 consecratus
712 1689 781 1772 fisis,
809 1691 927 1754 iniuste
955 1691 1180 1776 precipitatum
1203 1690 1318 1772 dolens,

208 1773 303 1920 nendi
318 1773 395 1837 fidat
417 1773 568 1856 hortatur,
591 1795 750 1838 summum
765 1774 977 1838 sacerdotium
993 1796 1063 1838 sese
1078 1775 1107 1839 ei
1122 1774 1318 1840 redditurum

208 1879 250 1942 po
274 1858 360 1921 icens
374 1869 393 1920 ¹.

553 1979 603 2042 37.
635 1977 785 2043 Interitus
807 1977 978 2042 Heriberti.

91 2071 147 2115 ⁸¹⁰¹·
165 2075 199 2116 ²¹·
292 2080 352 2144 His
374 2080 419 2144 ita
441 2101 510 2144 sese
532 2079 733 2162 habentibus,
755 2084 845 2143 *eum
867 2079 1056 2145 Herihertus
1082 2103 1164 2166 quae
1189 2105 1230 2148 ue
1251 2105 1319 2170 per-

209 2164 324 2230 nitiosa
344 2172 551 2250 pertractaret
572 2186 610 2230 ao
634 2165 673 2229 de
696 2162 895 2251 quorundam
924 2163 1101 2229 calamitate
1130 2189 1163 2229 m
1199 2177 1233 2232 ta
1260 2168 1319 2232 dis-

208 2259 355 2334 poneret,
389 2270 462 2312 cum
488 2250 593 2314 interd
622 2271 696 2314 suos
727 2249 761 2312 in
786 2259 874 2313 veste
902 2248 1047 2333 preciosa
1073 2247 1199 2314 sederet
1226 2261 1318 2338 atque

208 2335 295 2483 apud
316 2331 387 2397 illos
409 2343 561 2398 extensae
583 2346 698 2397 manu⁰
719 2333 972 2414 concionaretur,
1001 2332 1120 2396 maiore
1146 2334 1319 2434 apoplexia

209 2439 227 2481 o
257 2431 269 2460 θ
292 2416 542 2502 superfluitatem
563 2417 733 2481 humorum
755 2425 878 2501 captus,
906 2416 939 2479 in
967 2417 1046 2505 ipsa¹
1066 2439 1173 2480 rerum
1196 2419 1318 2483 ordma·

209 2503 294 2566 tione
317 2501 496 2565 constrictis
518 2501 665 2564 manibus
687 2501 857 2585 nervisque
879 2501 1060 2583 contractis,
1091 2522 1145 2565 ore
1167 2504 1267 2567 etiam
1287 2504 1319 2566 in

208 2607 319 2649 aurem
341 2584 579 2662 distortarum
606 2583 706 2648 multo
734 2583 863 2648 horrore
892 2593 924 2648 et
951 2582 1190 2669 horripilatione
1212 2609 1318 2652 coram

209 2669 274 2732 suis
309 2665 507 2730 inconsultus
547 2667 732 2752 exspiravit.
792 2666 1028 2753 Suseeptusque
1064 2690 1084 2731 a
1120 2671 1197 2751 suis,
1234 2670 1318 2757 apud

209 2752 362 2816 Sanctum
392 2750 581 2830 Quintinum
610 2773 644 2815 se
667 2749 752 2814 ultus
782 2759 830 2814 est
840 2761 860 2813 ².
912 2751 984 2831 Quo
1012 2751 1145 2850 sepulto,
1169 2755 1240 2820 eius
1264 2753 1318 2819 filii

208 2857 286 2899 mox
307 2855 415 2918 regem
443 2832 604 2916 adeuntes,
632 2773 672 2898 ab
701 2855 738 2899 eo
760 2832 898 2918 benigne
927 2844 1055 2920 exceptr
1081 2847 1163 2901 sunt.
1216 2840 1317 2904 Patris

93 2948 130 3002 -p,
147 2949 198 2992 595,
208 2918 395 2982 iniuriarum
409 2915 487 2980 nihil
502 2916 564 2981 sihi
578 2917 762 2983 *reducens
793 2917 964 3004 Excipitur
979 2929 1011 2984 et
1024 2919 1121 3006 Hugo
1137 2922 1317 3009 episcopus,

209 3023 247 3066 ea
267 3011 375 3066 tamen
396 2999 586 3083 conditione,
609 3011 644 3066 ut
665 3010 808 3088 tempore
831 3024 972 3088 congruo
999 3004 1183 3068 ratiocinari
1204 3029 1264 3092 pro
1287 3029 1317 3071 se

209 3087 248 3151 de
270 3085 475 3171 episcopatus
497 3084 667 3171 adeptione
689 3109 753 3151 non
775 3086 908 3152 differat.
953 3085 1036 3152 Oum
1058 3088 1175 3174 quihus
1192 3113 1317 3177 quoque

208 3193 266 3235 rex
287 3169 481 3234 Ambianum
504 3169 665 3256 digressus
687 3181 765 3236 est³.
807 3170 874 3236 Ubi
903 3192 976 3234 cum
1005 3193 1070 3236 non
1098 3173 1166 3237 sine
1189 3196 1318 3240 suorum

207 3255 385 3340 potioribus
418 3275 562 3341 quaeque
597 3256 752 3342 precipua
787 3255 956 3340 disponere
996 3254 1106 3338 vellet,
1150 3256 1317 3324 Erluinum

207 3339 344 3406 Rodomi
365 3347 541 3404 morantem
563 3362 621 3425 per
641 3339 781 3425 legatum
803 3339 946 3404 accersit.

441 3485 491 3549 38.
524 3483 733 3569 Congressiof
754 3482 879 3548 Arnulfi
901 3492 933 3549 et
952 3481 1087 3547 Erluini.

292 3585 388 3666 Quod
410 3607 483 3650 cum
504 3584 726 3650 malivolorum
747 3585 898 3650 relatione
920 3584 1072 3649 Arnulfus
1101 3589 1316 3672 comperisset,

208 3667 340 3734 insidias
373 3669 541 3755 pretendit,
575 3667 819 3754 obvenientique
851 3691 927 3754 rege
958 3670 1123 3755 ignorante
1157 3671 1317 3736 cohortem

208 3752 340 3817 inducit.
384 3752 480 3833 Quod
501 3751 653 3816 Erluinus
675 3773 752 3816 mox
774 3751 953 3834 dinoscens,
979 3753 1078 3838 signis
1101 3752 1223 3819 collatis
1246 3777 1317 3820 con-

209 3835 360 3920 greditur.
405 3835 602 3920 Congressus
624 3837 784 3923 utrimque
805 3857 868 3901 non
886 3835 1040 3901 modicus.
1072 3835 1237 3921 Arnulfus,
1253 3840 1316 3904 suis

267 4039 290 4090 a)
308 4023 374 4080 ,1Ἧῖ
386 4038 512 4088 praeposito
529 4039 564 4079 .V.
581 4042 600 4076 ct
615 4039 639 4078 ia
654 4040 750 4089 mareiae
765 4042 836 4080 eadam
846 4052 913 4081 mauu
928 4025 1003 4082 iffi.
1048 4039 1071 4092 b)
1089 4051 1103 4080 a
1113 4043 1164 4085 Deo
1173 4043 1196 4082 P.
1243 4042 1263 4095 e)
1274 4054 1317 4084 me·

211 4097 638 4147 tropolitanocorr.metropolltanum.
685 4098 708 4151 d)
724 4099 786 4149 apud
803 4102 823 4141 1.
871 4099 892 4151 e)
906 4105 956 4150 poet
971 4100 1021 4140 add.
1069 4098 1135 4152 Oes,
1151 4103 1244 4143 Erluint
1259 4103 1315 4142 abac.

283 4245 311 4312 1)
325 4247 401 4296 Haec
416 4261 448 4297 ex
460 4246 553 4311 Flod.;
574 4248 607 4298 ef.
626 4265 652 4302 v.
673 4249 831 4302 Kalckstein
848 4269 875 4319 p.
891 4251 952 4302 241.
1003 4249 1032 4317 2)
1045 4251 1089 4302 Ita
1102 4257 1187 4304 morte
1200 4253 1315 4305 breviter

208 4325 314 4370 narrata
327 4316 405 4369 Flod.
469 4321 496 4388 3)
515 4319 601 4373 Aliter
619 4337 661 4374 res
680 4321 847 4376 Flodoardus
867 4328 963 4376 narrat.
