2820 4824
348 377 502 430 RICHERI
521 378 772 432 HISTORIARUM
789 379 902 431 LIBER
920 381 974 434 III.
1178 384 1230 434 115

108 542 321 629 disposuerit,
354 544 488 608 alterum
517 547 585 609 acsi
612 545 743 610 fratrem
771 545 937 632 fidumque
967 569 1095 612 suarum
1123 569 1292 614 rerumeso.

105 637 247 692 tutorem
268 627 408 692 habebit.
450 628 581 693 Placeat
609 651 685 713 ergo
711 631 920 694 serenissimis
949 630 1078 716 regibus
1107 657 1174 718 pax
1201 645 1232 699 et

106 712 266 794 amicicia,
289 734 368 799 quos
392 714 557 776 coniunxit
571 714 666 777 etiam
682 714 847 799 sanguinis
863 713 1011 779 affinitas.
1043 717 1231 782 Vinciantur

106 795 271 877 amicicia,
305 818 441 882 quorum
478 795 664 860 dissidentia
691 798 738 860 rei
765 795 913 883 publicae
941 797 1047 862 labem
1076 800 1170 866 infert
1201 811 1232 867 et

106 878 280 944 concordia
300 878 470 943 utilitatem
490 881 712 944 accommodat
733 881 880 965 viresque
902 882 1079 947 ministrat.

334 1074 385 1137 80.
427 1073 624 1158 Responsioa
647 1073 774 1138 Ottonis
796 1072 838 1134 ad
861 1070 1000 1136 Gallosr.

192 1191 246 1255 Ad
267 1191 346 1256 haec
364 1193 457 1258 Otto:
479 1192 590 1274 ‘Novi',
613 1194 723 1278 inquit,
747 1199 909 1278 ‘quantam
929 1191 1036 1257 labem
1056 1193 1103 1256 rei
1124 1194 1228 1278 publi-

106 1297 164 1339 cae
195 1276 357 1340 discordia
385 1297 593 1360 sepenumero
620 1275 740 1358 intulit,
768 1298 843 1339 cum
869 1298 1040 1360 regnorum
1065 1278 1228 1362 principes

107 1369 219 1423 contra
249 1382 282 1424 se
310 1359 482 1445 aliquando
511 1357 613 1423 moliti
645 1370 727 1424 sunt.
776 1360 845 1424 Nec
874 1358 953 1423 illud
979 1361 1075 1423 etiam
1104 1361 1228 1446 ignoro,

106 1453 228 1544 quanta
249 1442 333 1507 salus
355 1466 413 1528 per
433 1443 598 1506 amiciciae
619 1445 769 1507 virtutem
797 1445 844 1506 rei
871 1443 1019 1528 publicae
1045 1453 1229 1528 comparata

105 1536 157 1591 srt.
194 1527 320 1609 Fateor,
342 1525 497 1592 hactenus
518 1549 569 1590 me
589 1525 764 1626 plurimum
786 1527 921 1590 coluisse
942 1529 1074 1611 paceml
1097 1538 1128 1592 et
1153 1550 1227 1592 con-

105 1610 266 1693 cordiam;
289 1611 426 1674 invidias
447 1619 543 1696 atque
565 1610 740 1674 drscordias
755 1609 998 1695 malignantium
1013 1611 1086 1674 odio
1101 1633 1228 1698 semper

103 1693 265 1758 habuisse.
297 1694 538 1779 Componantur
552 1717 629 1778 ergo
644 1717 702 1780 per
714 1715 773 1760 vos
787 1696 886 1758 animi
901 1693 1137 1777 dissidentium,
1152 1717 1227 1758 narn

103 1777 180 1841 huie
207 1778 254 1841 rei
283 1799 341 1843 vos
369 1777 463 1842 video
487 1779 679 1864 aptissimos,
707 1779 763 1863 qui
791 1785 864 1842 ante
893 1775 954 1842 hac
975 1787 1086 1842 mutua
1106 1778 1227 1844 lesione

103 1863 151 1925 rei
173 1859 322 1947 publicae
340 1861 516 1959 plurimum
537 1861 772 1947 derogavimus.
809 1861 943 1926 Consilii
957 1863 1055 1926 vestri
1069 1864 1226 1928 rationem

103 1946 261 2031 approba.
304 1944 411 2009 Drctis
438 1945 568 2010 tandem
592 1946 677 2009 facta
699 1947 914 2009 consentiant'.
957 1945 1074 2030 Legati
1120 1969 1226 2011 ersua-

102 2031 193 2094 sione
208 2028 318 2093 habita
331 2029 474 2111 redeunt,
489 2029 665 2114 ambosque
680 2051 771 2113 reges
787 2027 967 2093 alterutrius
978 1968 1225 2094 benivolimtiam

102 2113 146 2176 ad
161 2112 347 2176 alterutrum
361 2113 543 2194 referentes,
565 2115 599 2176 in
614 2113 760 2176 amicicia
775 2121 980 2196 componunt.
1012 2111 1225 2177 Constituitur

102 2207 231 2281 tempus
247 2195 458 2343 colloHuendi.
493 2196 600 2260 Locus
614 2197 741 2282 utrique
757 2194 944 2258 commodus
967 2195 1148 2341 dxelplutatur.
1180 2196 1224 2259 Et

103 2281 180 2366 quia
202 2281 307 2343 circae
351 2281 461 2345 uvium
482 2281 607 2344 Mosam
635 2301 734 2363 regna
760 2279 928 2343 amborum
951 2299 987 2341 co
1024 2277 1222 2361 'mitabantl,

100 2365 136 2428 in
156 2362 264 2427 locum
287 2365 342 2449 qui
362 2361 536 2449 Margolius
559 2363 690 2428 dieitur¹
714 2363 759 2428 eis
782 2362 844 2425 sibi
866 2382 1031 2426 occurrere
1053 2362 1183 2447 placuit.

251 2538 302 2601 81.
344 2537 489 2602 Letharii
510 2547 559 2601 ete
583 2537 709 2602 Ottonis
731 2557 843 2620 regum
866 2525 1044 2599 conciliatio
1053 2548 1075 2600 θ.

187 2657 413 2722 Convenerunt
440 2679 527 2742 ergo.
570 2657 727 2742 Datisque
750 2655 879 2731 dextris,
907 2654 1050 2718 osculum
1071 2653 1133 2718 sibi
1154 2656 1222 2719 sine

99 2742 210 2829 aliqua
222 2743 452 2826 disceptatione
463 2739 690 2824 benignissime
702 2739 867 2804 dederunt.
892 2737 1083 2802 Amiciciam
1098 2737 1222 2804 *altrin-
1232 2747 1286 2792 ⁸1⁰1·
1303 2751 1348 2795 ὅθ’·

99 2849 193 2891 secus
221 2834 418 2890 sacramento
446 2823 655 2889 stabilierunt.
701 2823 852 2909 Belgicae
883 2845 969 2908 pars,
991 2844 1073 2908 quae
1101 2824 1137 2886 in
1166 2821 1220 2886 lite

97 2909 212 2991 fuerat,
242 2911 276 2972 in
304 2909 353 2972 ius
384 2907 512 2972 Ottonis
538 2909 672 2972 transiit.
717 2908 804 2988 Otto,
825 2908 919 2992 regni
947 2908 996 2970 sui
1025 2928 1105 2992 pace
1126 2905 1219 2989 facta,

96 2991 225 3058 Italiam
256 2993 350 3077 petiit
374 2993 573 3077 Romamque
600 2992 736 3072 devenit,
767 3012 840 3054 suos
869 2993 1031 3055 revisurus
1057 2998 1152 3075 atque
1179 2991 1220 3054 de

96 3077 191 3162 regni
206 3085 290 3140 statu
305 3077 516 3162 quaesituris,
533 3096 772 3160 compressurus
788 3074 893 3154 etiam,
908 3075 935 3136 si
950 3075 1005 3158 qui
1019 3074 1100 3137 forte
1115 3082 1221 3138 essent

96 3159 262 3242 tumultus,
285 3168 316 3223 et
337 3159 563 3223 tumultuantes
584 3161 618 3220 in
662 3179 753 3221 acem
773 3167 989 3237 revocaturus,
1011 3159 1038 3218 si
1060 3157 1115 3240 qui
1133 3158 1219 3254 prin-
1311 3236 1314 3241 Α

97 3247 209 3330 cipum
231 3243 312 3307 forte
334 3242 533 3306 dissiderent.
575 3181 745 3305 Lotdarius
765 3260 841 3304 vero
863 3238 1055 3302 Laudunum
1077 3261 1217 3320 vemens,

95 3327 188 3414 apud
220 3348 294 3390 suos
327 3348 471 3412 quaeque
504 3347 563 3389 con
588 3346 646 3389 rua
677 3323 739 3387 sibi
770 3321 995 3407 pertractabat.
1052 3321 1121 3384 Nec
1152 3323 1218 3384 iam

96 3412 272 3497 quicquam
300 3411 370 3496 spei
398 3431 440 3474 ex
467 3410 547 3473 duce
597 3406 726 3489 abebat,
755 3428 828 3469 curn
857 3415 988 3530 propter
1008 3426 1122 3489 pacem
1143 3403 1216 3468 dolo

95 3495 276 3581 quaesitam
304 3516 370 3557 non
396 3493 597 3558 mediocriter
623 3514 696 3556 eum
724 3497 906 3574 suspectum
941 3487 1084 3555 haberet.
1134 3486 1216 3552 Oum
1227 3508 1277 3548 981.

94 3580 164 3642 iarn
191 3576 271 3642 haec
299 3578 406 3641 omnia
432 3576 489 3640 vul
512 3598 530 3639 o
552 3575 802 3662 predicarentur,
830 3571 974 3636 nonnulli
995 3592 1122 3656 quoque
1142 3571 1217 3636 inde

93 3661 256 3745 indignati
277 3673 360 3747 prot
374 3659 477 3724 duces
489 3599 667 3740 demerent,
683 3658 750 3722 dux
765 3657 922 3721 constanti
936 3655 1042 3720 animo
1057 3655 1217 3718 tristitiam

95 3744 302 3810 dissimulans
332 3745 439 3808 omnia
462 3744 593 3809 ferebat.
636 3743 681 3806 Et
706 3743 788 3805 sicut
814 3742 912 3803 moris
934 3741 964 3804 ei
985 3748 1053 3802 erat
1074 3737 1216 3803 consulto

95 3829 207 3893 omnia
221 3826 406 3909 deliberare,
421 3828 632 3912 primatibush
647 3824 822 3906 advocatis,
839 3821 1073 3888 declamaturus
1087 3822 1215 3888 resedit.

157 4034 180 4086 a)
198 4036 241 4086 sio,
263 4045 288 4075 os
307 4033 363 4074 abac.
439 4031 462 4085 b)
479 4045 503 4082 p.
524 4033 647 4073 concordia
668 4034 688 4072 1.
764 4029 785 4080 c)
803 4040 873 4079 super
894 4031 914 4069 1.
991 4028 1014 4081 d)
1031 4031 1178 4071 conlimitant
1194 4032 1214 4070 1.

96 4093 119 4146 e)
138 4098 169 4145 et,
191 4095 215 4134 ia
230 4093 287 4134 abac.
376 4091 426 4143 Os.
441 4093 464 4131 h.
485 4093 510 4131 iu
530 4092 575 4131 loeo
596 4102 655 4131 ruso.
745 4087 769 4139 ς)
783 4093 833 4138 post
855 4089 904 4127 add.
994 4086 1019 4139 h)
1035 4089 1178 4138 principibus
1195 4091 1215 4129 1.

173 4257 202 4326 1)
223 4259 265 4311 cf.
285 4257 404 4326 diploma
419 4259 444 4310 5.
464 4259 523 4311 Iun.
543 4255 580 4324 (t)
600 4255 662 4309 980.
682 4255 773 4307 datum
792 4256 820 4304 in
839 4255 900 4306 loco
920 4256 966 4320 qui
986 4253 1083 4304 dicitur
1101 4251 1215 4319 Margoil

95 4349 178 4402 super
196 4334 304 4385 fluvium
325 4332 406 4398 Cher,
428 4331 542 4399 Stumpf,
568 4331 637 4382 Acte
656 4347 682 4397 p.
702 4329 755 4380 325
776 4326 856 4396 (Reg.
878 4328 924 4379 Nr.
946 4324 1021 4439 755).

946 4410 965 4473 8
