2820 4824
156 288 191 338 38
430 284 582 336 RlOHERI
603 283 856 335 HISTORIARUM
875 283 987 334 LIBER
1006 284 1030 334 1.

95 471 146 512 rsa.
155 452 337 540 ingentibus
353 451 454 535 copiis
473 451 561 535 petit.
606 449 748 514 Clericus
770 449 848 513 nulli
869 451 903 513 in
923 450 1002 515 urbe
1016 449 1100 516 male
1117 451 1277 535 credulus,

155 539 278 603 facinus
310 535 501 620 patrandum
532 535 566 595 in
597 532 666 597 loco
699 532 931 618 opperiebatur.
982 535 1054 616 Quo
1084 533 1277 600 Adelelmus

156 621 320 692 accedens,
342 619 384 683 ab
399 640 436 681 eo
453 639 524 680 curn
540 618 605 680 suis
622 627 776 703 exceptus
799 626 856 681 est.
899 619 1098 703 Densatique
1114 621 1151 682 in
1165 641 1275 702 unum,

156 703 243 770 tubis
264 725 302 767 ac
325 701 462 766 clamore
483 711 579 848 atque
601 721 761 764 armorum
782 701 916 786 strepitu
941 702 975 765 in
1002 703 1106 766 noctis
1137 703 1275 788 caligine

157 787 269 852 urbem
292 786 472 850 exturbant.
548 784 610 848 nde
633 785 719 848 cives
748 785 888 867 excitati,
917 805 990 849 cum
1012 807 1082 850 sese
1104 785 1183 850 dolo
1233 810 1275 852 er-

156 893 251 936 vasos
283 870 502 950 advertissent,
535 868 613 952 fuga
644 869 685 932 ab
718 867 861 933 hostibus
893 869 993 955 erepti
1025 877 1108 933 sunt.
1161 811 1273 935 Nullus

158 965 279 1040 captus,
309 977 345 1018 eo
369 953 453 1039 quod
475 953 582 1016 hostes
603 953 637 1014 in
657 973 757 1014 unum
778 953 878 1016 iuncti
905 974 963 1037 per
988 952 1101 1017 urbem
1130 953 1182 1017 dis
1208 957 1273 1039 ergi

157 1039 405 1103 formidaverint.
449 1036 544 1100 Unde
573 1045 604 1099 et
631 1033 778 1099 omnibus
807 1035 988 1121 profugium
1017 1037 1131 1121 patuit.
1179 977 1272 1103 dives

156 1125 263 1208 itaque
285 1122 451 1201 abducti1,
480 1143 499 1184 a
520 1120 636 1183 vicinis
658 1140 748 1182 arma
768 1139 806 1181 ac
826 1118 964 1204 reliquas
991 1121 1165 1204 suppecias
1195 1123 1272 1186 acci-

177 1207 246 1270 iunt
268 1216 299 1270 et
320 1205 372 1270 die
417 1206 506 1268 uinta
527 1203 744 1288 magnanimes
766 1203 800 1264 in
821 1202 933 1267 urbem
953 1201 1106 1267 feruntur.
1154 1203 1271 1271 Subur·

154 1229 230 1356 llani
252 1291 348 1353 etiam
368 1227 502 1352 feliciter
523 1286 723 1351 subveniunt.
766 1286 914 1371 Pugnam
936 1307 1011 1370 ergo
1029 1290 1269 1372 promptissime

155 1374 317 1439 adhibent.
366 1369 551 1435 Adelelmus
580 1391 656 1434 vero
685 1368 883 1456 clericusque
916 1391 989 1433 cum
1017 1371 1084 1433 suis
1117 1374 1270 1436 acerrime

154 1459 342 1522 renituntur.
384 1455 430 1518 At
450 1452 574 1537 vulgus,
597 1453 709 1538 quiin
728 1453 808 1518 urbe
823 1463 1019 1518 remanserat
1041 1455 1154 1540 eisque
1176 1456 1268 1520 fidem

156 1548 355 1605 sacramento
377 1538 505 1616 fecerat,
532 1536 628 1603 fidem
651 1536 814 1622 abrumpit
839 1559 877 1602 ac
899 1561 918 1602 a
938 1547 1027 1622 tergo
1050 1536 1199 1604 duriter⁸
1220 1562 1268 1604 eos

157 1624 251 1688 cedit.
294 1623 386 1685 Facti
420 1629 527 1684 autem
563 1620 701 1684 hostium
733 1620 838 1702 medii,
874 1622 908 1684 in
938 1619 1127 1686 aecclesiam
1161 1624 1293 1709 fugere·

157 1707 260 1770 coacti
282 1714 363 1772 sunt.
406 1704 530 1768 Urbani
544 1726 620 1768 vero
636 1703 677 1767 ab
691 1703 893 1769 interioribus
915 1706 1045 1790 recepti,
1067 1705 1268 1771 Adelelmum

157 1810 196 1852 ac
218 1788 370 1852 clericum
397 1790 546 1874 persequi
571 1809 635 1852 non
657 1787 859 1853 desistebant.
902 1788 1070 1874 Portisque
1097 1791 1268 1856 aecclesiae

158 1874 305 1951 concisis,
333 1872 440 1936 hostes
462 1882 617 1958 appetunt
638 1893 676 1935 ac
699 1892 789 1935 secus
810 1871 909 1935 altare
932 1881 1082 1957 utrosque
1105 1895 1181 1938 cum
1207 1874 1268 1962 plu-

156 1955 246 2020 ribus
268 1954 337 2018 aliis
359 1954 528 2020 crudeliter
555 1954 803 2020 trucidaverunt.
846 1954 1032 2040 Urbemque
1061 1959 1268 2041 possidentes,

158 2062 216 2103 sua
237 2061 394 2125 recepere.
438 2039 564 2119 Quibus
593 2039 735 2124 patratis,
762 2059 800 2100 ao
821 2037 917 2123 legali
943 2041 1093 2125 repurgio
1118 2041 1269 2106 aecclesia

158 2123 337 2205 emundata,
353 2122 536 2188 Walbertus
553 2121 757 2187 Gorbeiensis
772 2122 947 2186 monachus
962 2133 993 2186 et
1007 2121 1119 2204 abbas,
1142 2125 1185 2189 ab
1200 2145 1269 2209 rege

157 2207 301 2290 donatus,
330 2231 388 2294 per
415 2205 693 2293 metropolitanum
720 2203 891 2269 Artoldum
912 2205 1176 2271 Noviomensium
1204 2230 1270 2272 con·

158 2302 299 2357 secratur
320 2294 502 2377 episcopus.

157 2430 207 2494 64.
249 2429 460 2514 Aquitaniael
483 2437 578 2512 atque
602 2427 797 2491 Vaseoniael
820 2427 1001 2512 principesb
1022 2430 1092 2513 regi
1113 2430 1270 2496 Rodulf0⁰

512 2509 698 2572 militaturil
722 2513 922 2575 occurruntl.

95 2636 147 2677 aas.
174 2678 177 2686 Α
241 2613 368 2675 Interea
390 2609 567 2673 Gothorum
588 2612 747 2708 principes
761 2612 1021 2697 Ragemmundus
1036 2622 1067 2676 et
1081 2614 1270 2702 Ermingau·

159 2696 218 2758 dus
240 2717 336 2779 super
357 2694 499 2778 Ligerim
520 2692 653 2757 flumum
674 2697 742 2779 regi
764 2694 948 2760 obvenienti
969 2695 1141 2761 militatum
1165 2722 1270 2764 occur-

153 2784 232 2841 runt
253 2780 384 2862 eiusque
405 2777 551 2842 manibus
573 2799 646 2840 suas
668 2779 811 2844 inserunt
820 2792 840 2844 ².
884 2779 1031 2844 Militiam
1054 2783 1216 2866 spondent
1236 2805 1271 2847 ae

158 2861 233 2925 inde
247 2861 353 2942 fidem,
375 2869 469 2944 prout
489 2882 547 2923 rex
568 2861 664 2943 iubet,
688 2863 875 2930 concedunt.
918 2865 989 2928 Rex
1010 2865 1084 2928 inde
1099 2865 1270 2950 digressus,

157 2947 193 3008 in
213 2944 406 3030 Aquitaniae
435 2947 593 3008 exteriora
625 2967 659 3008 se
691 2945 833 3010 contulit.
877 2947 949 3026 Quo
977 2949 1073 3012 etiarn
1101 2959 1133 3013 et
1161 2951 1270 3036 Lupus

159 3028 327 3092 Acinarius
349 3028 463 3108 Vasco,
486 3029 542 3113 qui
563 3050 682 3114 equum
703 3028 863 3093 ferebatur
883 3029 1000 3096 habere
1022 3054 1182 3097 annorum
1202 3035 1271 3121 plus

159 3132 256 3198 quam
285 3111 345 3176 100
373 3121 405 3176 et
430 3111 534 3175 adhuc
563 3121 629 3176 toto
658 3133 790 3198 corpore
816 3112 1056 3198 validissimum,
1088 3119 1160 3202 regi
1193 3117 1272 3182 mili·

158 3207 280 3260 taturus
307 3196 455 3277 occurrit,
489 3217 527 3260 ao
552 3196 761 3282 provinciaed
788 3199 1009 3282 procuratione
1037 3200 1182 3284 reddita,
1214 3223 1271 3267 rex

157 3279 328 3346 liberaliter
347 3279 486 3355 reddidit
506 3289 601 3365 atque
623 3303 643 3343 a
665 3302 699 3343 se
720 3281 891 3366 principari
915 3285 1079 3347 concessit.

386 3421 437 3484 65.
482 3419 603 3482 Turma
622 3416 801 3483 malorume
824 3429 855 3484 et
875 3420 1031 3507 prodigia.

95 3547 147 3589 sea.
239 3520 311 3584 Hac
355 3542 461 3605 uoque
482 3529 691 3604 tempestate³
720 3521 831 3605 igneae
852 3523 961 3599 Remis
987 3525 1021 3586 in
1049 3523 1139 3589 caelo
1168 3525 1273 3591 aciesf

157 3605 243 3667 visae
265 3613 317 3667 etss
334 3542 485 3666 dammae
507 3604 699 3687 sanguineae
721 3606 813 3689 quasi
834 3605 939 3669 iacula
953 3616 1008 3671 aut
1023 3618 1186 3693 serpentes
1209 3610 1269 3673 dis-

157 3707 292 3750 currere.
334 3688 414 3749 Mox
436 3708 562 3771 quoque
585 3687 702 3751 subiith
725 3697 757 3751 et
777 3690 892 3773 pestis,
922 3690 1050 3789 papulis
1078 3692 1270 3778 erysipilatis

156 3771 338 3832 innumeros
360 3791 505 3832 enecans.
548 3769 616 3833 Nec
637 3769 736 3834 multo
758 3783 830 3857 post
852 3782 883 3837 et
903 3796 988 3858 regrs
1011 3774 1177 3840 defectus⁴
1198 3774 1270 3840 sub-

216 3946 474 3999 aldurissimenrgett.
518 3947 542 4001 b)
558 3949 706 4004 Aquitaniae,
715 3963 834 4005 co,pe,m,
845 3965 872 3994 oo
887 3955 943 3996 abac.
990 3953 1046 4007 o)R⁴
1063 3965 1080 3995 c.
1127 3953 1150 4005 d)
1168 3957 1235 4004 regni
1251 3958 1270 3996 1.

157 4003 180 4058 e)
195 4007 270 4046 lorum
287 4008 342 4047 abac.
403 4007 482 4059 oport
497 4010 546 4050 add.
607 4009 630 4062 g)
646 4015 669 4051 et
685 4023 706 4060 q.
724 4012 740 4052 i.
756 4022 776 4051 a.
793 4023 811 4054 s.
827 4013 850 4053 fl.
867 4024 885 4056 s.
901 4016 922 4055 1.
982 4012 1006 4064 h)
1023 4014 1146 4054 subsecuta
1163 4017 1197 4054 est
1215 4017 1238 4056 1.

233 4155 260 4222 1)
280 4155 329 4207 loci
347 4155 440 4210 milites
459 4157 522 4209 urbe
539 4157 661 4224 propulsi
679 4160 758 4211 Flod.
834 4161 863 4228 2)
882 4164 924 4212 Ex
941 4162 1021 4214 Flod.
1042 4164 1103 4216 932.
1179 4161 1210 4230 3)
1231 4167 1271 4214 Ex

157 4228 236 4280 moe.
256 4229 322 4293 934;
342 4231 412 4282 urst.
432 4233 507 4282 aem.
528 4232 575 4295 1v,
596 4232 639 4282 aa
714 4232 744 4298 4)
764 4235 834 4286 nist.
854 4237 929 4287 aem.
951 4237 997 4299 1v,
1018 4237 1061 4286 aa
