2820 4824
284 373 436 425 RICHERI
454 374 707 428 HISTORIARUM
725 376 837 428 LIBER
856 377 907 432 III.
1103 380 1154 430 127

35 562 116 604 num
140 561 215 603 cum
237 541 378 604 exercitu
405 540 500 604 rediit
526 540 635 626 ibique
661 542 860 640 procinctum
888 543 989 609 solvit.
1032 543 1155 610 Urbem

36 624 222 690 Virdunum
250 645 352 709 usque
378 626 413 688 in
435 623 519 688 diem
542 625 625 688 vitae
648 648 715 690 erus
737 648 920 710 supremum
949 628 1069 713 absque
1091 628 1155 692 ulla

35 708 250 793 refragatione
272 707 419 773 obtinuit.
452 708 653 792 Disponebat
670 719 824 795 preterea,
848 711 1006 796 quomodo
1023 711 1154 776 ulterius

37 791 243 877 procedendo
265 814 401 876 regnum
423 811 514 854 suum
531 791 685 875 dilataret,
710 815 781 856 cum
804 816 853 858 res
876 818 952 859 suae
969 817 1154 860 successum

37 877 197 961 optimum
218 874 371 940 haberent
391 876 546 961 regnique
566 875 693 940 fortuna
712 888 788 962 per³
812 889 921 963 captos
947 880 1099 964 primates
1120 880 1153 943 id

60 959 255 1025 ersuaderet.
311 958 375 1023 Sed
403 959 564 1023 Divinitas
593 983 643 1023 res
673 961 850 1024 mundanas
881 961 1092 1027 determinans
1123 973 1154 1027 et

36 982 145 1128 belgis
168 1043 312 1127 requiem
335 1053 366 1106 et
387 1041 461 1106 huic
481 1043 637 1127 regnandi
658 1043 755 1107 finem
777 1043 874 1108 dedit.

396 1235 465 1301 109.
510 1232 625 1299 Obitus
646 1235 798 1300 Lotharii.

119 1355 205 1419 Nam
227 1376 300 1419 cum
314 1351 451 1418 vernalis
473 1353 640 1420 clementia
661 1356 774 1420 eodem
796 1369 896 1420 anno¹
920 1355 1016 1421 rebus
1035 1357 1211 1426 brumaess.

35 1437 164 1503 afflictis
186 1438 312 1519 rediret,
338 1460 397 1524 pro
418 1459 524 1502 rerum
548 1441 684 1503 natural>
712 1441 973 1522 inmutato⁰aere,
1001 1439 1150 1503 Lauduni

35 1547 52 1589 e
92 1533 181 1588 otare
203 1523 316 1606 coepit.
359 1521 453 1585 Unde
478 1533 613 1586 vexatus
636 1535 694 1587 ea⁰
744 1525 869 1588 assione
897 1547 978 1609 quae
1008 1522 1109 1587 colica
1130 1545 1150 1586 a

34 1629 56 1706 p
79 1607 166 1670 isiois
189 1605 312 1688 dicitur,
341 1606 375 1668 in
403 1604 520 1668 lectum
542 1605 669 1671 decidit.
714 1547 795 1672 dui<l
824 1606 913 1672 dolor
941 1605 1148 1671 intolerabilis

34 1712 67 1753 m
93 1698 185 1776 parte
214 1690 329 1753 dextra
355 1711 451 1773 super
472 1689 612 1754 verenda
639 1701 716 1755 erat.
759 1690 811 1755 Ab
840 1689 993 1754 umbilico
1022 1713 1148 1778 quoque

34 1795 136 1859 usque
158 1772 201 1836 ad
222 1772 374 1858 splenem,
397 1782 428 1837 et
448 1772 523 1836 inde
545 1773 703 1859 usquead
721 1775 840 1859 inguen
863 1775 1034 1857 sinistrum,
1057 1775 1149 1840 etsie

35 1857 76 1921 ad
104 1878 202 1920 anum
237 1856 359 1922 infestis
387 1855 550 1921 doloribus
582 1856 776 1942 pulsabatur.
825 1856 921 1922 Ilium
952 1880 1078 1944 quoque
1112 1880 1150 1922 ac

34 1941 160 2004 renium
189 1941 305 2004 iniuria
333 1938 484 2004 nonnulla
513 1949 596 2023 erat,
627 1941 810 2005 thenasmus
832 1942 995 2025 assiduus,
1029 1943 1148 2027 egestio

33 2025 227 2108 sanguinea;
252 2046 318 2088 vox
338 2021 505 2109 aliquoties
527 2024 805 2089 intercludebatur.
847 2025 1011 2089 Interdum
1032 2025 1149 2110 frigore

32 2108 170 2172 febrium
184 2106 317 2192 rigebat.
360 2107 496 2190 Rugitus
518 2108 768 2189 intestinorumfl,
787 2107 949 2171 fastidium
971 2109 1056 2191 iuge,
1079 2129 1148 2171 ruc-

33 2201 83 2256 tus
107 2193 290 2256 conationes
312 2192 379 2255 sine
402 2191 526 2274 effectu,
548 2193 667 2255 ventris
689 2193 847 2272 extensio,
877 2191 1032 2254 stomachi
1053 2192 1148 2254 ardor

32 2297 97 2338 non
127 2274 268 2339 deerant.
327 2274 454 2360 Ingenti
482 2276 590 2360 itaque
619 2274 709 2338 luctu
737 2283 804 2338 tota
829 2274 997 2358 personatf
1022 2273 1146 2338 domus.

32 2359 87 2422 Fit
118 2359 240 2422 sonitus
267 2357 422 2439 diversus,
448 2356 566 2422 clamor
586 2359 703 2421 varius.
747 2357 875 2421 Nemini
902 2359 1147 2422 enimeorume

33 2443 90 2528 qui
111 2441 245 2506 aderant
270 2441 508 2506 inlacrimabilis
530 2451 598 2506 eret
624 2463 661 2505 ea
688 2440 878 2505 calamitash.
922 2441 1066 2505 Decem²
1089 2442 1147 2527 igi-

32 2535 86 2590 tur
113 2526 204 2588 annis
228 2525 339 2590 Ottoni
366 2535 534 2611 superstes,
563 2526 723 2590 tricesimo
746 2535 777 2590 et
798 2525 954 2610 septimo³
978 2525 1075 2588 annoi
1106 2547 1147 2590 ex

33 2630 98 2696 quo
121 2617 211 2695 patre
233 2608 382 2674 defuncto
404 2631 502 2694 regno
524 2610 644 2695 potitus
667 2619 724 2691 est,
750 2609 994 2695 quadragesimo
1016 2630 1092 2674 vero
1116 2619 1147 2674 et

32 2701 149 2757 octavo
173 2715 236 2778 quo
258 2714 277 2754 a
298 2701 389 2777 patre
410 2703 562 2777 regnante
585 2714 735 2757 coronam
761 2703 792 2757 et
815 2703 977 2778 sceptrum
999 2701 1146 2777 regnatu-

30 2799 87 2842 rus
109 2777 243 2862 accepit,
265 2797 285 2838 a
305 2783 383 2839 natu
404 2787 509 2840 autem
531 2779 730 2862 sexagesimo
754 2786 896 2859 octav04,
920 2776 1071 2841 deficiens
1092 2798 1146 2840 na-

30 2870 123 2924 turae
156 2861 321 2924 concessit.
372 2860 474 2944 (110.)
524 2861 650 2926 Interea
684 2861 853 2945 magnifiee
892 2860 989 2924 funus
1021 2861 1146 2944 regium

30 2943 134 3008 multo
164 2944 346 3008 divitiarum
367 2943 522 3026 regalium
543 2944 666 3008 ambitu
688 2954 864 3008 accuratur.
908 2945 961 3008 Fit
990 2944 1019 3008 ei
1045 2941 1146 3008 lectus

29 3025 194 3112 regalibus
215 3024 393 3112 insignibus
415 3026 597 3110 adornatus,
627 3048 742 3111 corpus
770 3028 913 3092 bissinak
934 3036 1023 3091 veste
1044 3027 1146 3090 indui-

29 3121 84 3175 tur
118 3131 157 3173 ac
196 3109 334 3194 desuper
369 3107 453 3194 palla
484 3132 648 3195 purpurea
680 3112 829 3194 gemmis¹
865 3121 975 3174 oruata
1003 3131 1145 3195 auroque

28 3195 155 3258 intexta
188 3194 337 3278 operitur.
384 3193 519 3258 Lectum
541 3215 711 3278 regnorum
747 3194 918 3291 *primates
951 3191 1192 3258 deferebant‘r·
1209 3206 1258 3246 6⁸1·

28 3276 184 3341 Preibant
205 3278 350 3362 episcopi
370 3287 401 3342 et
421 3275 523 3342 clerus
546 3299 618 3340 cum
634 3275 809 3360 euangehis
825 3285 856 3340 et
870 3277 1028 3340 crucibus.
1043 3276 1145 3339 Penes

29 3381 114 3447 quos
140 3361 235 3424 etiam
270 3362 325 3446 qui
350 3360 418 3424 eius
441 3381 589 3423 eoronam
611 3357 746 3423 ferebati
774 3357 873 3422 multo
897 3379 974 3421 auro
997 3360 1145 3442 gemmis-

28 3466 92 3531 que
120 3445 269 3528 pretiosis
295 3445 447 3508 nitentem
472 3465 545 3507 cum
567 3443 637 3506 aliis
658 3442 764 3506 multis
785 3440 975 3526 insignibus,
998 3439 1144 3505 eiulando

26 3525 209 3592 incedebat.
252 3525 400 3592 Funebre
428 3525 527 3590 melos
555 3526 694 3592 lacrimis
722 3525 970 3612 impedientibus
995 3526 1052 3588 vix
1072 3546 1143 3609 pro-

26 3611 200 3676 ferebatur.
243 3610 361 3675 Milites
386 3612 482 3674 etiam
509 3620 609 3675 mesto
631 3610 721 3676 vultu
750 3631 806 3674 suo
837 3608 947 3673 ordine
974 3630 1068 3694 prose
1091 3630 1144 3671 ue-

25 3694 155 3760 bantur.
208 3692 344 3780 Reliqua
373 3714 500 3778 quoque
527 3716 640 3760 manus
668 3715 741 3758 oum
768 3693 914 3758 lamentis
943 3629 1143 3757 succedebat.

102 3890 126 3943 a)
142 3892 167 3931 11
183 3894 254 3942 ceptis
272 3893 292 3933 1.
342 3889 365 3942 b)
382 3903 404 3932 1,
421 3892 528 3932 Laudent
549 3895 569 3933 l.
616 3892 637 3944 e)
653 3903 680 3934 eo
697 3893 776 3933 morbo
793 3894 812 3933 1.
864 3888 887 3942 d)
905 3891 929 3932 0.
945 3891 1068 3932 dioloco
1084 3901 1143 3933 raso.

26 3950 49 4003 e)
66 3948 230 3992 intestinorum
250 3962 280 3999 e.;
303 3961 348 3990 non
370 3951 449 3990 deerat
469 3951 519 3993 add.
545 3953 565 3992 1.
660 3949 678 4003 t)
700 3952 843 4000 concrepitet
863 3961 970 3999 saperem.
997 3953 1108 3999 personat
1127 3960 1144 3992 e.

25 4009 50 4108 ξ)
65 4010 234 4109 {perlatura
248 4011 268 4050 1.
329 4007 551 4060 mesenensem.
605 4007 622 4060 1)
636 4015 685 4059 pou
700 4011 751 4049 add.
801 4007 826 4059 k)
843 4019 959 4059 purpurea
975 4009 996 4047 1.
1049 4007 1066 4060 1)
1083 4018 1104 4056 g.
1122 4018 1143 4050 o.

102 4197 131 4265 1)
154 4199 220 4250 Cum
235 4197 382 4251 Virdunum
397 4199 450 4247 iam
471 4212 495 4247 a.
516 4195 577 4246 984.
599 4201 705 4260 captum
718 4197 761 4257 sit,
782 4196 849 4246 haee
869 4201 960 4263 aperte
980 4193 1049 4246 falsa
1068 4199 1143 4257 sunt;

24 4291 51 4325 v.
64 4274 197 4324 Wilmens
225 4289 251 4338 p.
272 4270 333 4320 178.
427 4266 455 4335 2)
478 4270 521 4319 13.
604 4265 633 4333 3)
654 4269 711 4320 33⁰.
797 4267 870 4334 4)1.
891 4269 953 4319 941.
974 4271 1051 4317 natus
1072 4272 1140 4330 erat;

24 4347 157 4398 Rieherus
178 4350 255 4412 errat,
276 4359 292 4394 e
311 4347 377 4395 nuto
392 4342 531 4394 Ludovico
551 4341 598 4394 IV.
618 4355 774 4405 numerane3
796 4341 830 4394 cf.
850 4341 887 4405 11,
907 4341 933 4392 4.
953 4339 1005 4402 111,
1026 4339 1049 4388 2.
