2820 4824
190 370 230 420 VI
439 368 593 418 RIOHERI
612 367 864 420 HISTORIARUM
882 369 984 419 LIBRI
1006 366 1074 418 IIII.

190 535 394 600 Adalberoni
416 536 660 618 archiepiscopo
683 558 704 597 a
727 535 875 598 consiliis
897 544 983 614 esset,
1007 543 1101 617 atque
1122 534 1309 615 itineribus,

191 619 336 704 epistolis
358 628 386 680 et
407 620 594 702 maqisterio
617 621 750 682 summis
763 621 799 682 in
817 617 940 698 Gallia,
963 616 1145 680 Germania
1160 625 1189 677 et
1203 616 1308 680 Italia

191 704 274 766 uiris
292 701 531 785 familiaritate
546 704 756 788 junqeretur,
787 705 942 786 optimam
963 702 1082 786 juveni
1110 722 1219 763 rerum
1251 704 1309 764 sui

191 794 252 848 tem
278 789 344 850 oris
376 787 673 869 coquoscendarum
709 795 738 848 et
797 785 1078 869 erspiciendarum
1106 782 1309 866 facultatem

192 869 231 931 de
257 871 291 930 it.
334 869 464 932 Medias
486 879 592 932 tamen
612 869 698 930 inter
719 809 841 950 turbas,
886 890 948 931 uae
970 867 1169 930 Korolorum
1192 891 1308 931 casum

191 961 221 1014 et
242 955 319 1016 noui
340 954 437 1037 requi
457 953 557 1016 initia
579 953 828 1032 comitabantur,
851 892 1012 1016 llicherus
1029 953 1095 1014 arti
1109 948 1252 1014 medicae
1273 974 1307 1013 se

192 1035 334 1116 addiscit,
364 1058 461 1120 quam
491 1057 553 1118 quo
583 1035 691 1098 studio
713 1037 755 1098 sit
778 1035 954 1118 ampleocus,
984 1058 1023 1098 en
1040 1034 1198 1119 plurimis
1219 1058 1306 1098 mor-

191 1118 304 1183 borum
326 1119 600 1217 descriptionibus
624 1121 715 1202 operi
736 1121 891 1182 10001110ι
914 1117 1089 1204 colliqitur.
1122 1118 1219 1181 Anno
1231 1118 1305 1182 991.

190 1224 296 1266 mense
326 1203 449 1265 Martio
483 1203 523 1265 ab
554 1204 658 1266 amico
688 1202 910 1281 Heribrando,
942 1203 1075 1281 medico,
1111 1200 1308 1265 Carnotensi

190 1284 316 1367 clerico,
338 1285 452 1351 litteris
468 1295 497 1350 et
510 1286 616 1385 leqato
633 1288 816 1367 arcessitus,
836 1284 1013 1349 Cornetum
1028 1286 1123 1364 adiit,
1139 1286 1195 1348 ubi
1211 1287 1307 1369 opud

189 1393 330 1455 maqnae
356 1368 563 1432 liberalitates
591 1379 620 1432 et
648 1371 802 1432 scientiae
828 1369 937 1431 virum
959 1369 1176 1452 Hippocratis
1203 1370 1306 1453 apho-

190 1455 308 1516 rismos
337 1461 366 1513 et
391 1451 510 1515 librum
539 1453 577 1514 de
604 1453 782 1516 concordia
805 1453 1021 1535 Hippocratis
1045 1451 1304 1515 (1010010180-

189 1538 283 1599 riani
304 1535 485 1598 studiosius
515 1534 647 1616 evolvit,·
676 1537 772 1619 cujus
800 1537 928 1598 itineris
959 1535 1120 1598 molestias
1148 1538 1218 1618 ipse
1248 1559 1304 1599 eac-

188 1620 302 1702 posuit
311 1628 332 1679 ².
374 1616 479 1680 Paulo
496 1627 576 1703 post
597 1641 679 1700 cum,
702 1617 857 1702 Arnulfo,
880 1618 1098 1682 Adalberonis
1115 1641 1305 1696 successore,

190 1702 347 1785 deposito,
381 1700 553 1765 Gerbertns
580 1725 695 1787 requm
723 1703 877 1787 Huqonis
904 1711 933 1764 et
959 1703 1113 1779 Rotberti,
1148 1702 1230 1764 disci
1256 1703 1307 1765 uli

190 1786 254 1865 sui,
267 1785 391 1868 favore
407 1786 724 1870 archiepiscopatum
738 1786 925 1849 Remensem
940 1787 1140 1869 suscepisset,
1162 1726 1304 1849 Rr‘chero

191 1869 347 1932 historiae
371 1866 540 1932 Gallorum
562 1870 813 1933 conscribendae
837 1878 951 1933 auctor
970 1869 1088 1954 factus
1109 1878 1163 1932 est.
1209 1867 1306 1940 Quod

191 1952 321 2036 quidem
341 1974 460 2015 marrus
482 1953 528 2016 ‘ob
550 1973 707 2016 summam
729 1975 829 2036 quam
851 1951 967 2038 afferre
989 1953 1161 2016 uidebatur
1182 1952 1305 2016 utilita-

190 2045 250 2098 tem
282 2044 312 2098 et
341 2038 498 2100 materiae
530 2035 704 2101 ubertatem
733 2059 767 2101 eo
802 2038 908 2100 animi
940 2039 1018 2100 nisa
1036 2037 1202 2120 suscepit,
1236 2057 1305 2118 qua

184 2119 331 2205 jubentis
357 2120 444 2182 mira
474 2119 688 2184 benivolentia
716 2142 747 2183 se
773 2122 932 2205 pertrahi
957 2121 1067 2201 dicit³‚
1098 2122 1305 2203 triennioque

192 2201 336 2268 absoluit.
380 2201 550 2289 Siquidem
573 2206 674 2268 annis
695 2202 766 2267 995.
783 2202 896 2266 01996.
912 2203 1037 2267 litteras
1053 2205 1097 2266 ad
1114 2201 1305 2265 Gerbertum

78 2302 115 2359 ⁸1).
131 2290 284 2372 ssaoperi
301 2286 483 2372 praeflaas,
506 2287 686 2352 *librumh
709 2297 738 2351 et
759 2287 837 2351 libri
851 2287 896 2350 ΙΙ.
920 2291 1034 2372 capita
1052 2287 1162 2365 1-78,
1186 2285 1306 2369 quibus

189 2373 328 2436 historia
350 2394 451 2456 usque
474 2372 520 2435 ad
541 2395 667 2435 annum
684 2370 755 2435 948.
764 2371 981 2517 perducitur,
1004 2371 1206 2452 conscripsit,
1227 2369 1304 2430 reli-

210 2479 256 2518 ua
278 2455 356 2518 libri
377 2457 422 2518 II.
444 2480 484 2519 ca
509 2465 567 2536 cta,
589 2454 707 2519 librum
728 2455 769 2517 II

190 2479 366 2602 948-995.
389 2480 579 2621 complices,
603 2540 703 2600 annis
723 2537 901 2602 996-998.
918 2538 1086 2601 addidisse
1102 2545 1130 2599 et
1143 2545 1211 2598 tum
1226 2558 1303 2618 quo·

191 2643 251 2706 que
272 2629 371 2733 totum
387 2642 469 2704 opus
483 2629 676 2684 retractasse
697 2619 906 2708 ultimamque
928 2623 958 2685 ei
970 2642 1105 2684 manum
1120 2620 1302 2682 admovisse

190 2704 320 2767 videtur
344 2747 352 2764 .

276 2783 455 2849 Consilium
477 2794 505 2848 et
526 2787 685 2849 rationem
707 2789 815 2870 operis
830 2791 901 2873 ipse
913 2785 1092 2871 praefatus
1106 2787 1155 2849 ita
1165 2786 1301 2868 prodit:

188 2866 279 2932 Bella
299 2891 319 2931 a
335 2865 435 2932 Gallis
457 2876 581 2965 patrata
602 2869 771 2955 variosque
792 2892 903 2935 eorum
923 2869 1077 2934 tumultus
1098 2890 1136 2932 ao
1159 2869 1303 2932 diversas

188 2951 389 3036 negotiorum
410 2961 547 3015 rationes
563 2951 804 3017 admemoriam
819 2953 971 3018 reducere
987 2953 1105 3037 scripto
1121 2951 1303 3038 specialiter

189 3035 387 3120 propositum
409 3043 464 3098 est.
509 3033 544 3098 si
566 3055 629 3120 qua
649 3058 725 3100 vero
747 3036 881 3101 aliorum
903 3037 1082 3116 efferentur,
1104 3034 1145 3098 ob
1160 3034 1302 3098 inciden-

188 3127 236 3181 tes
258 3118 405 3198 rationes,
428 3139 509 3202 quae
531 3119 625 3182 vitari
644 3141 710 3184 non
737 3130 916 3206 potuerunt,
943 3119 978 3183 id
999 3119 1142 3183 evenisse
1163 3127 1301 3203 putetur.

189 3201 327 3264 Initium
349 3204 457 3285 operis
479 3202 519 3266 ab
536 3225 570 3266 eo
585 3212 725 3288 tempore
746 3207 868 3285 sumsit,
891 3227 955 3291 quo
971 3204 1174 3267 Hincmarus
1193 3225 1301 3264 onna-

188 3284 273 3349 libus
306 3287 377 3349 suis
399 3284 503 3366 finem
534 3287 701 3352 dederat⁵.
744 3289 787 3351 Et
814 3311 886 3352 cum
906 3312 972 3372 per
998 3297 1124 3352 centum
1157 3285 1303 3369 amplius

191 3391 295 3433 annos
315 3369 435 3433 librum
457 3370 681 3436 deducendum
697 3380 906 3456 proponeret,
927 3370 1014 3436 Julii
1031 3370 1184 3435 Caesaris
1199 3389 1302 3430 eccem-

183 3452 243 3536 plo
266 3477 288 3516 a
309 3455 472 3518 divisione
492 3453 589 3518 Orbis
611 3465 640 3517 et
662 3455 876 3537 descriptione
893 3452 1022 3518 Gallice
1040 3452 1303 3538 populorumque

188 3559 259 3600 eam
279 3535 490 3601 incolentium
511 3548 685 3618 enorsust,
710 3539 879 3600 historiam
908 3536 1032 3601 Odonis
1054 3546 1082 3599 et
1103 3535 1222 3600 Karoli
1243 3537 1266 3596 Ι
1270 3536 1302 3600 V.

813 2464 842 2518 et
864 2455 887 2517 I
890 2455 921 2518 V.
946 2455 1116 2518 historiam
1138 2474 1303 2516 annorum

264 3659 291 3726 1)
312 3678 335 3712 e.
347 3677 376 3726 g.
389 3663 412 3722 Ι,
429 3663 470 3712 11.
487 3664 530 3714 13.
546 3662 587 3712 18.
602 3663 646 3715 49.
658 3662 700 3712 66.
713 3662 757 3711 66.
777 3662 871 3724 1Ι,37.
884 3663 928 3714 46.
941 3663 985 3714 69.
998 3663 1041 3714 99.
1055 3663 1115 3713 103.
1135 3663 1190 3724 III,
1202 3661 1244 3709 13.
1256 3662 1302 3713 96.

190 3733 251 3783 109.
287 3734 335 3796 IV,
349 3734 375 3786 6.
385 3735 429 3784 24.
440 3735 474 3784 60
485 3752 545 3801 sqq.
564 3737 608 3785 94.
684 3731 713 3800 2)
732 3735 780 3795 IV,
800 3735 842 3786 50.
916 3734 947 3801 3)
962 3737 1102 3801 Prologus.
1177 3733 1206 3799 4)
1222 3735 1303 3785 Haec

188 3805 251 3856 inde
271 3805 368 3872 efficio,
394 3807 473 3872 quod,
499 3825 559 3858 cum
584 3809 656 3874 prior
668 3808 756 3873 operis
769 3822 830 3872 pars
843 3813 990 3860 atramento
1009 3810 1093 3875 fusco,
1114 3807 1218 3872 reliqua
1238 3809 1303 3858 inde

189 3880 309 3944 0000110
325 3880 368 3929 79.
387 3880 449 3930 libri
467 3881 504 3930 II.
526 3881 645 3945 nigriori,
665 3896 717 3945 quo
738 3884 764 3929 01
784 3883 962 3932 correctiones
983 3889 1009 3932 et
1027 3881 1211 3931 additamenta
1229 3883 1304 3946 prio-

187 3952 224 4002 ris
243 3953 336 4018 001110,
366 3955 517 4018 conscripta
535 3955 595 4019 sint,
617 3952 711 4002 eadem
731 3956 871 4003 atramenti
891 3954 1032 4006 diversitas
1051 3956 1079 4004 in
1098 3955 1198 4004 notitiis
1219 3952 1302 4004 histo·

187 4024 250 4074 risis
270 4024 419 4090 offenditur,
449 4040 518 4090 quae
537 4025 647 4075 ultimae
667 4023 769 4075 codicis
788 4027 904 4090 paginae
924 4043 939 4077 a
958 4028 1073 4079 Riohero
1093 4026 1195 4089 illatae,
1222 4042 1300 4092 prae·

188 4097 268 4163 01000
280 4098 685 4149 innumerositatem
704 4104 851 4149 0110010010
871 4100 945 4151 tusco
965 4106 992 4150 et
1010 4101 1056 4149 vix
1073 4099 1198 4164 legendo,
1220 4100 1301 4165 quale

187 4170 216 4218 in
234 4172 320 4235 prima
339 4177 413 4237 parte
438 4171 526 4236 operis
550 4171 672 4232 00001111,
700 4169 805 4234 reliqua
832 4186 959 4224 annornm
988 4173 1161 4223 996-998.
1181 4174 1301 4237 nigriori,

188 4243 262 4307 quali
274 4243 378 4310 reliqua
393 4244 480 4308 operis
494 4248 522 4293 et
537 4245 715 4294 correctiones
730 4245 961 4310 00000110100001,
982 4245 1116 4299 exhibent.
1192 4245 1221 4310 6)
1235 4247 1303 4296 Ρ10-

188 4314 276 4381 logne.
350 4316 379 4380 6)
398 4316 455 4366 Lib.
474 4316 503 4378 1,
526 4316 584 4363 1-
597 4316 623 4368 3.
