2820 4824
212 356 263 406 102
482 350 634 402 RIOHERI
654 349 906 401 HISTORIARUM
924 349 1035 400 LIBER
1054 351 1107 402 III.
1193 310 1195 314 Ι

211 522 446 605 Horatiumque
488 519 649 598 satiricos,
690 515 856 578 Lucanum
892 517 988 580 etiam
1024 516 1317 603 historiographum.

213 607 338 687 Quibus
370 601 564 666 assuefactos
600 600 860 685 locutionumque
903 600 1007 664 modis
1051 602 1246 686 compositos
1283 601 1317 666 ad

212 689 423 754 rhethoricam
445 684 635 750 transduxit.

427 807 477 871 48.
512 804 577 869 Gur
598 804 663 868 eisa
686 799 891 888 sophistam*
904 802 1117 868 adhibuerit&

298 909 370 989 Qua
384 907 543 972 instructis
560 906 735 992 sophistam
753 904 915 988 adhibuit3
938 905 1024 991 apud
1047 927 1143 991 quem
1157 907 1193 969 in
1207 915 1317 971 contro-

212 993 325 1057 versiis
347 1000 580 1072 exercerentur,
603 1010 641 1052 ac
662 990 708 1052 sic
731 1010 773 1052 ex
794 999 862 1053 arte
883 999 1023 1074 agerent,
1046 1000 1082 1053 ut
1103 998 1317 1074 proterentem

213 1098 309 1161 agere
329 1074 521 1157 viderentur,
545 1073 633 1159 quod
655 1073 788 1137 oratoris
811 1074 990 1136 maximum
1004 1073 1140 1138 videtur.
1171 1072 1238 1138 Sed
1251 1073 1317 1138 haec

214 1159 253 1224 de
274 1158 388 1245 logica.
439 1159 478 1222 In
507 1157 643 1221 mathesi
669 1177 745 1220 vero
774 1166 909 1241 quantus
939 1156 1036 1220 sudor
1065 1158 1249 1242 expensusl
1277 1159 1330 1238 sit,¹

213 1265 278 1307 non
298 1245 508 1328 incongruum
535 1240 640 1304 dicere
668 1239 806 1307 videtur.
854 1239 1097 1305 Arithmeticam
1125 1242 1221 1324 enim,
1248 1263 1317 1327 quae

214 1339 262 1392 est
282 1326 460 1390 matheseos
480 1327 594 1410 prima,
616 1324 761 1409 inprimis
783 1323 945 1409 dispositis
967 1324 1232 1390 accommodavit.

297 1445 349 1510 49.
383 1446 447 1526 Qui
469 1444 580 1509 labor⁰
602 1445 632 1508 ei
653 1444 688 1506 in
710 1443 964 1508 mathematicis⁰
986 1446 1151 1530 impensus
1174 1446 1217 1509 sit
1225 1457 1246 1509 ⁰.

298 1547 378 1611 Inde
394 1548 490 1611 etiam
506 1546 672 1628 musicam,
694 1544 792 1609 multo
808 1555 882 1609 ante
899 1544 1012 1609 Galliis
1027 1547 1182 1630 ignotam,
1206 1546 1318 1612 notissi-

214 1654 300 1696 mam
322 1631 436 1696 effecit.
480 1629 579 1694 (iuius
602 1650 720 1714 genera
740 1630 774 1692 in
795 1629 990 1694 monocordo
1010 1629 1198 1728 disponens,
1222 1651 1318 1696 eorum

216 1715 438 1778 consonantias
461 1714 527 1777 sive
549 1712 746 1858 simphonias
767 1715 801 1776 in
822 1714 906 1776 tonis
932 1734 970 1776 ac
998 1715 1184 1796 semrtoniis,
1214 1714 1317 1778 ditonis

216 1819 343 1884 quoque
370 1818 408 1860 ac
434 1795 575 1860 diesibus
627 1796 813 1880 istinguens,
841 1805 997 1894 tonosque
1023 1798 1057 1859 in
1085 1799 1173 1861 sonis
1194 1799 1318 1862 rationa-

214 1879 321 1945 biliter
343 1879 544 1957 distribuens,
568 1880 602 1942 in
622 1877 838 1963 plenissimam
860 1881 1006 1944 notinam
1027 1880 1163 1965 redegit.

92 2043 204 2089 qm,
444 2001 494 2066 50.
530 1998 693 2084 *Sperasd
715 1997 856 2064 solidaed
878 2001 1065 2085 compositio
1074 2002 1098 2066 l.

298 2102 392 2166 Ratio
434 2124 510 2167 vero
552 2103 764 2166 astronomiae
807 2111 924 2187 quanto
960 2102 1075 2166 sudore
1112 2101 1246 2168 collecta
1279 2103 1318 2184 sit,

216 2185 341 2251 dicere⁰
362 2185 473 2251 inutile
494 2208 559 2250 non
582 2196 638 2268 est,
661 2197 696 2251 ut
718 2196 750 2250 et
769 2186 850 2250 tanti
877 2187 939 2249 viri
966 2187 1124 2270 sagacitas
1146 2186 1318 2252 advertatur

215 2280 248 2335 et
268 2271 346 2335 artis
368 2270 529 2334 efficaciar
550 2269 650 2334 lector
672 2269 930 2334 commodissime
952 2291 991 2332 ca
1014 2271 1105 2334 iatur.
1151 2271 1244 2351 Quae
1259 2291 1318 2333 cum

241 2377 299 2419 ene
320 2353 544 2420 intellectibilis
567 2354 616 2436 sit,
643 2363 771 2417 tamena
792 2375 857 2417 non
879 2354 946 2417 sine
968 2292 1179 2418 admiratione
1202 2354 1317 2440 quibus·

216 2378 290 2502 dam
310 2439 527 2502 instrumentis
554 2436 596 2501 ad
623 2458 659 2500 co
708 2438 836 2502 'tionem
864 2436 1027 2501 adduxitl.
1070 2437 1225 2522 Inprimis
1247 2438 1315 2502 enim

215 2521 328 2585 mundi
360 2542 486 2605 speram
519 2543 560 2584 ex
593 2520 693 2584 solio
725 2542 763 2584 ac
794 2519 930 2584 rotundo
957 2519 1045 2604 ligno
1078 2530 1316 2606 argumentatus,

101 2630 139 2685 ’μ
157 2605 367 2676 s1s‚*minoris
389 2603 593 2669 similitudine
614 2605 768 2668 maiorem
783 2605 949 2690 expressit.
973 2605 1077 2685 Quam
1093 2619 1190 2668 cum0
1206 2605 1316 2669 duobus

216 2687 299 2773 polis
332 2687 385 2748 inh
418 2688 557 2750 orizonte
591 2685 784 2771 obliquaret,
820 2688 913 2772 signa
949 2689 1223 2773 septemtrionalia
1255 2687 1316 2774 polo

217 2770 363 2834 erectiori
395 2768 497 2851 dedit,
533 2769 683 2834 australia
713 2792 788 2835 vero
822 2771 984 2835 deiectiori
1020 2770 1175 2837 adhibuit.
1232 2773 1317 2839 Cuius

216 2854 408 2998 positionem
430 2875 467 2916 eo
490 2852 608 2916 circulo
635 2854 727 2935 rexit,
750 2855 806 2938 qui
827 2855 987 2920 abirecisi
1009 2856 1118 2918 orizon
1128 2867 1150 2939 ²,
1174 2879 1194 2920 a
1208 2855 1317 2921 Latinis

228 2937 356 3000 imitans
385 2937 452 3000 sive
482 2935 695 3000 determinans
720 2936 908 3022 appellatur,
937 2961 974 3003 eo
1003 2939 1088 3024 quod
1117 2941 1152 3002 in
1179 2963 1217 3005 eo
1241 2942 1318 3026 signa

239 3041 299 3084 uae
314 3018 463 3082 videntur
484 3019 525 3084 ab
540 3019 589 3082 his
606 3042 687 3105 quae
709 3043 773 3084 non
794 3021 942 3086 videntur
964 3023 1139 3108 distinguat
1154 3046 1194 3088 ac
1207 3024 1317 3088 limitet.

218 3042 290 3183 bus
310 3104 344 3166 in
366 3104 505 3167 orizonte
521 3104 587 3167 sic⁰
609 3102 773 3186 collocata,
795 3116 831 3168 ut
846 3115 879 3170 et
893 3116 997 3170 ortum
1012 3117 1044 3173 et
1059 3129 1212 3171 occasum
1228 3110 1318 3193 signo·

216 3209 288 3250 rum
309 3187 428 3252 utiliter
448 3209 486 3250 ac
508 3186 715 3273 probabiliter
736 3188 978 3271 demonstraret,
1000 3213 1107 3254 rerum
1121 3200 1253 3257 naturas
1268 3191 1318 3255 dis·

240 3273 328 3336 ositis
360 3273 531 3337 insinuavit
558 3273 757 3357 instituitque
784 3273 817 3335 in
843 3274 1008 3357 signorum
1036 3276 1318 3360 comprehensione.

215 3292 298 3420 llam
330 3364 473 3442 tempore
505 3367 659 3421 nocturno
696 3355 882 3420 ardentibus
916 3357 1013 3422 stellis
1050 3379 1183 3444 operam
1220 3361 1318 3438 dabat3

215 3440 403 3525 agebatque,
431 3448 466 3504 ut
494 3462 548 3504 eas
575 3441 609 3503 in
638 3440 749 3503 mundi
778 3440 962 3524 regionibus
990 3440 1124 3506 diversis
1153 3442 1319 3531 obliquatas

214 3533 281 3588 tam
303 3524 337 3586 in
359 3533 430 3588 ortu
452 3545 548 3608 quam
569 3525 603 3585 in
625 3545 743 3586 occasu
763 3533 918 3589 notarent.

347 3643 398 3706 51.
430 3641 690 3706 intellectiliuml
712 3641 903 3707 circulorum
925 3645 1169 3730 comprehensio
1179 3647 1206 3711 ¹¹.

300 3741 419 3806 Oireuli
441 3763 568 3828 quoque
590 3743 646 3828 qui
667 3745 831 3808 asreeisi
853 3745 1024 3831 paralleli³,
1041 3747 1198 3812 aLatinis
1225 3745 1321 3834 aequi-

216 3833 334 3888 stantes
357 3824 515 3905 dicuntur,
539 3847 617 3910 quos
640 3827 735 3889 etiam
762 3829 977 3915 incorporales
1006 3853 1074 3894 esse
1102 3831 1238 3896 dubium
1266 3851 1322 3894 non

216 3916 272 3989 est,
299 3909 359 3970 hac
385 3905 426 3971 ab
455 3930 492 3972 eo
521 3920 588 3974 arte
611 3913 831 3995 comprehensi
859 3924 1042 3978 noscuntur.
1093 3914 1214 3979 Effecit
1241 3915 1321 3980 semi·

216 3990 369 4054 circulum
404 4002 490 4056 recta
525 3992 680 4058 diametro
716 3995 865 4061 divisum.
918 3998 983 4062 Sed
1018 3998 1101 4061 hanc
1139 3998 1321 4064 diametrum

275 4116 296 4167 a)
318 4117 347 4168 is,
362 4126 407 4168 am,
423 4117 467 4156 erit
482 4118 538 4159 abac.
614 4119 637 4170 b)
655 4121 721 4160 datus
739 4124 758 4162 1.
834 4122 854 4174 c)
878 4125 927 4174 bor,
948 4125 1025 4175 emati,
1046 4125 1065 4163 it
1086 4125 1143 4165 abac.
1218 4125 1241 4178 d)
1263 4135 1321 4176 asc,

216 4184 281 4224 comp
298 4176 354 4216 abac.
422 4173 443 4226 e)
457 4181 507 4224 post
522 4178 572 4219 add.
633 4177 770 4229 Qefflcatia
785 4192 841 4220 corr.
859 4182 970 4224 efficacia.
1033 4181 1169 4233 g)n.t.1.
1231 4184 1255 4238 h)
1270 4186 1321 4224 ino.

214 4250 238 4288 ia
261 4262 328 4300 marr.
380 4251 398 4304 1)
413 4234 486 4300 {ds}
503 4258 522 4293 et
536 4255 568 4293 ita
584 4255 686 4304 deinceps,
702 4257 760 4304 quod
776 4255 843 4296 Grais
859 4259 899 4308 legi
910 4264 991 4308 posset.
1037 4257 1320 4314 k)1n,11,oompreaoa.

257 4409 264 4428 t
290 4342 318 4411 1)
339 4345 380 4398 cf.
400 4347 522 4399 Gerberti
546 4351 685 4415 epistolam
712 4350 885 4403 Constantino
911 4354 1000 4405 datam
1026 4371 1070 4422 ap.
1095 4356 1196 4410 Olleris
1222 4377 1250 4428 p.
1268 4358 1321 4409 4⁷9.

215 4412 244 4482 2)
263 4418 366 4490 ορίζων.
460 4419 490 4488 3)
508 4416 682 4493 παράλληλοι.
