<?xml version="1.0" encoding="UTF-8"?>
<!DOCTYPE html PUBLIC "-//W3C//DTD XHTML 1.0 Transitional//EN"
    "http://www.w3.org/TR/xhtml1/DTD/xhtml1-transitional.dtd">
<html xmlns="http://www.w3.org/1999/xhtml" xml:lang="en" lang="en">
 <head>
  <title>
</title>
<meta http-equiv="Content-Type" content="text/html;charset=utf-8" />
  <meta name='ocr-system' content='tesseract 3.04.00' />
  <meta name='ocr-capabilities' content='ocr_page ocr_carea ocr_par ocr_line ocrx_word'/>
</head>
<body>
  <div class='ocr_page' id='page_1' title='image "./richerihistoria01richgoog_0021.png"; bbox 0 0 2820 4824; ppageno 0'>
   <div class='ocr_carea' id='block_1_1' title="bbox 192 380 1051 437">
    <p class='ocr_par' dir='ltr' id='par_1_1' title="bbox 192 380 1051 437">
     <span class='ocr_line' id='line_1_1' title="bbox 192 380 1051 437; baseline -0.007 0"><span class='ocrx_word' id='word_1_1' title='bbox 192 391 208 437; x_wconf 81' lang='lat'>2</span> <span class='ocrx_word' id='word_1_2' title='bbox 454 383 609 434; x_wconf 84' lang='lat' dir='ltr'><strong>RIOHERI</strong></span> <span class='ocrx_word' id='word_1_3' title='bbox 628 380 880 432; x_wconf 81' lang='lat' dir='ltr'><strong>HISTORIARUM</strong></span> <span class='ocrx_word' id='word_1_4' title='bbox 899 380 1010 431; x_wconf 83' lang='lat' dir='ltr'><strong>LIBER</strong></span> <span class='ocrx_word' id='word_1_5' title='bbox 1028 380 1051 431; x_wconf 90' lang='grc' dir='ltr'><strong>Ι.</strong></span> 
     </span>
    </p>
   </div>
   <div class='ocr_carea' id='block_1_2' title="bbox 85 545 1410 1976">
    <p class='ocr_par' dir='ltr' id='par_1_2' title="bbox 85 545 929 612">
     <span class='ocr_line' id='line_1_2' title="bbox 85 545 929 612; baseline -0.005 2"><span class='ocrx_word' id='word_1_6' title='bbox 85 561 184 606; x_wconf 58' lang='grc' dir='ltr'><strong>Ἶσιν·</strong></span> <span class='ocrx_word' id='word_1_7' title='bbox 572 550 599 612; x_wconf 92' lang='grc'><strong>1.</strong></span> <span class='ocrx_word' id='word_1_8' title='bbox 644 547 811 612; x_wconf 67' lang='lat' dir='ltr'><strong>*Divisior</strong></span> <span class='ocrx_word' id='word_1_9' title='bbox 833 545 929 612; x_wconf 88' lang='lat' dir='ltr'><strong>orbis.</strong></span> 
     </span>
    </p>

    <p class='ocr_par' dir='ltr' id='par_1_3' title="bbox 194 648 1315 904">
     <span class='ocr_line' id='line_1_3' title="bbox 280 648 1313 736; baseline -0.008 -16"><span class='ocrx_word' id='word_1_10' title='bbox 280 653 378 720; x_wconf 85' lang='lat' dir='ltr'>Orbis</span> <span class='ocrx_word' id='word_1_11' title='bbox 407 653 515 736; x_wconf 90' lang='lat' dir='ltr'><strong>itaque</strong></span> <span class='ocrx_word' id='word_1_12' title='bbox 544 649 649 736; x_wconf 85' lang='lat' dir='ltr'>plaga,</span> <span class='ocrx_word' id='word_1_13' title='bbox 684 671 765 735; x_wconf 90' lang='lat' dir='ltr'><strong>quae</strong></span> <span class='ocrx_word' id='word_1_14' title='bbox 794 648 983 713; x_wconf 79' lang='lat' dir='ltr'><strong>mortalibus</strong></span> <span class='ocrx_word' id='word_1_15' title='bbox 1013 670 1083 713; x_wconf 88' lang='lat' dir='ltr'><strong>sese</strong></span> <span class='ocrx_word' id='word_1_16' title='bbox 1106 648 1313 713; x_wconf 85' lang='lat' dir='ltr'><strong>commodam</strong></span> 
     </span>
     <span class='ocr_line' id='line_1_4' title="bbox 194 731 1314 825; baseline -0.008 -21"><span class='ocrx_word' id='word_1_17' title='bbox 194 737 316 825; x_wconf 88' lang='lat' dir='ltr'><strong>prebet,</strong></span> <span class='ocrx_word' id='word_1_18' title='bbox 339 759 359 800; x_wconf 92' lang='lat' dir='ltr'><strong>a</strong></span> <span class='ocrx_word' id='word_1_19' title='bbox 381 734 639 820; x_wconf 87' lang='lat' dir='ltr'><strong>cosmographis¹</strong></span> <span class='ocrx_word' id='word_1_20' title='bbox 656 733 810 798; x_wconf 85' lang='lat' dir='ltr'><strong>trifariam</strong></span> <span class='ocrx_word' id='word_1_21' title='bbox 825 733 926 798; x_wconf 83' lang='lat' dir='ltr'><strong>dividi</strong></span> <span class='ocrx_word' id='word_1_22' title='bbox 940 732 1134 818; x_wconf 86' lang='lat' dir='ltr'><strong>perhibetur,</strong></span> <span class='ocrx_word' id='word_1_23' title='bbox 1153 733 1188 796; x_wconf 95' lang='lat' dir='ltr'><strong>in</strong></span> <span class='ocrx_word' id='word_1_24' title='bbox 1199 731 1314 796; x_wconf 84' lang='lat' dir='ltr'><strong>Asiam</strong></span> 
     </span>
     <span class='ocr_line' id='line_1_5' title="bbox 194 817 1315 904; baseline -0.008 -15"><span class='ocrx_word' id='word_1_25' title='bbox 194 821 352 902; x_wconf 87' lang='lat' dir='ltr'><strong>videlicet,</strong></span> <span class='ocrx_word' id='word_1_26' title='bbox 367 819 510 883; x_wconf 84' lang='lat' dir='ltr'><strong>Africam</strong></span> <span class='ocrx_word' id='word_1_27' title='bbox 526 827 557 882; x_wconf 90' lang='lat' dir='ltr'><strong>et</strong></span> <span class='ocrx_word' id='word_1_28' title='bbox 570 818 744 903; x_wconf 87' lang='lat' dir='ltr'><strong>Europam.</strong></span> <span class='ocrx_word' id='word_1_29' title='bbox 788 817 933 898; x_wconf 72' lang='lat' dir='ltr'><strong>Quarum</strong></span> <span class='ocrx_word' id='word_1_30' title='bbox 948 818 1045 904; x_wconf 91' lang='lat' dir='ltr'><strong>prior,</strong></span> <span class='ocrx_word' id='word_1_31' title='bbox 1061 840 1080 880; x_wconf 98' lang='lat' dir='ltr'><strong>a</strong></span> <span class='ocrx_word' id='word_1_32' title='bbox 1095 817 1315 902; x_wconf 78' lang='lat' dir='ltr'><strong>septentrione</strong></span> 
     </span>
    </p>

    <p class='ocr_par' dir='ltr' id='par_1_4' title="bbox 194 901 1410 1976">
     <span class='ocr_line' id='line_1_6' title="bbox 219 901 1314 1048; baseline -0.005 -77"><span class='ocrx_word' id='word_1_33' title='bbox 219 930 253 971; x_wconf 92' lang='lat' dir='ltr'><strong>er</strong></span> <span class='ocrx_word' id='word_1_34' title='bbox 274 905 403 970; x_wconf 86' lang='lat' dir='ltr'><strong>orientis</strong></span> <span class='ocrx_word' id='word_1_35' title='bbox 425 903 583 988; x_wconf 86' lang='lat' dir='ltr'><strong>regionem</strong></span> <span class='ocrx_word' id='word_1_36' title='bbox 610 923 711 1048; x_wconf 56' lang='lat' dir='ltr'><strong>nappe</strong></span> <span class='ocrx_word' id='word_1_37' title='bbox 739 903 773 964; x_wconf 93' lang='lat' dir='ltr'><strong>in</strong></span> <span class='ocrx_word' id='word_1_38' title='bbox 800 912 945 966; x_wconf 86' lang='lat' dir='ltr'><strong>austrum</strong></span> <span class='ocrx_word' id='word_1_39' title='bbox 966 901 1164 965; x_wconf 87' lang='lat' dir='ltr'><strong>extrinsecus</strong></span> <span class='ocrx_word' id='word_1_40' title='bbox 1192 921 1314 966; x_wconf 86' lang='lat' dir='ltr'><strong>oceano</strong></span> 
     </span>
     <span class='ocr_line' id='line_1_7' title="bbox 194 930 1315 1070; baseline -0.006 -15"><span class='ocrx_word' id='word_1_41' title='bbox 194 930 421 1069; x_wconf 77' lang='lat' dir='ltr'><strong>disterminata,</strong></span> <span class='ocrx_word' id='word_1_42' title='bbox 454 987 586 1050; x_wconf 87' lang='lat' dir='ltr'><strong>interius</strong></span> <span class='ocrx_word' id='word_1_43' title='bbox 617 1008 636 1049; x_wconf 89' lang='lat' dir='ltr'><strong>a</strong></span> <span class='ocrx_word' id='word_1_44' title='bbox 692 983 795 1069; x_wconf 90' lang='lat' dir='ltr'><strong>ipheis</strong></span> <span class='ocrx_word' id='word_1_45' title='bbox 824 985 986 1051; x_wconf 88' lang='lat' dir='ltr'><strong>montibus</strong></span> <span class='ocrx_word' id='word_1_46' title='bbox 1013 983 1179 1070; x_wconf 86' lang='lat' dir='ltr'><strong>usquead</strong></span> <span class='ocrx_word' id='word_1_47' title='bbox 1209 995 1315 1050; x_wconf 89' lang='lat' dir='ltr'><strong>terrae</strong></span> 
     </span>
     <span class='ocr_line' id='line_1_8' title="bbox 195 1067 1316 1154; baseline -0.007 -15"><span class='ocrx_word' id='word_1_48' title='bbox 195 1072 396 1153; x_wconf 86' lang='lat' dir='ltr'><strong>umbilicum,</strong></span> <span class='ocrx_word' id='word_1_49' title='bbox 423 1070 562 1152; x_wconf 88' lang='lat' dir='ltr'><strong>Thanai,</strong></span> <span class='ocrx_word' id='word_1_50' title='bbox 593 1069 755 1134; x_wconf 85' lang='lat' dir='ltr'><strong>Meothide</strong></span> <span class='ocrx_word' id='word_1_51' title='bbox 786 1067 1083 1154; x_wconf 88' lang='lat' dir='ltr'><strong>Mediterraneoque</strong></span> <span class='ocrx_word' id='word_1_52' title='bbox 1110 1067 1151 1132; x_wconf 92' lang='lat' dir='ltr'><strong>ab</strong></span> <span class='ocrx_word' id='word_1_53' title='bbox 1178 1067 1316 1154; x_wconf 82' lang='lat' dir='ltr'><strong>Europa</strong></span> 
     </span>
     <span class='ocr_line' id='line_1_9' title="bbox 196 1150 1314 1257; baseline -0.006 -34"><span class='ocrx_word' id='word_1_54' title='bbox 196 1157 409 1257; x_wconf 78' lang='lat' dir='ltr'><strong>distinguitur.</strong></span> <span class='ocrx_word' id='word_1_55' title='bbox 455 1153 505 1219; x_wconf 93' lang='lat' dir='ltr'><strong>Ab</strong></span> <span class='ocrx_word' id='word_1_56' title='bbox 521 1153 672 1219; x_wconf 86' lang='lat' dir='ltr'><strong>umbilico</strong></span> <span class='ocrx_word' id='word_1_57' title='bbox 687 1174 764 1216; x_wconf 80' lang='lat' dir='ltr'><strong>vero</strong></span> <span class='ocrx_word' id='word_1_58' title='bbox 779 1175 880 1238; x_wconf 90' lang='lat' dir='ltr'><strong>usque</strong></span> <span class='ocrx_word' id='word_1_59' title='bbox 901 1154 936 1215; x_wconf 91' lang='lat' dir='ltr'><strong>in</strong></span> <span class='ocrx_word' id='word_1_60' title='bbox 956 1163 1100 1216; x_wconf 85' lang='lat' dir='ltr'><strong>austrum</strong></span> <span class='ocrx_word' id='word_1_61' title='bbox 1119 1150 1193 1216; x_wconf 90' lang='lat' dir='ltr'><strong>Nilo</strong></span> <span class='ocrx_word' id='word_1_62' title='bbox 1214 1151 1314 1216; x_wconf 88' lang='lat' dir='ltr'><strong>fluvio</strong></span> 
     </span>
     <span class='ocr_line' id='line_1_10' title="bbox 195 1236 1314 1322; baseline -0.005 -16"><span class='ocrx_word' id='word_1_63' title='bbox 195 1243 236 1308; x_wconf 90' lang='lat' dir='ltr'><strong>ab</strong></span> <span class='ocrx_word' id='word_1_64' title='bbox 257 1239 369 1305; x_wconf 85' lang='lat' dir='ltr'><strong>Alrica</strong></span> <span class='ocrx_word' id='word_1_65' title='bbox 390 1247 438 1303; x_wconf 88' lang='lat' dir='ltr'><strong>est</strong></span> <span class='ocrx_word' id='word_1_66' title='bbox 459 1237 591 1302; x_wconf 87' lang='lat' dir='ltr'><strong>seclusa.</strong></span> <span class='ocrx_word' id='word_1_67' title='bbox 635 1236 779 1300; x_wconf 88' lang='lat' dir='ltr'><strong>Africam</strong></span> <span class='ocrx_word' id='word_1_68' title='bbox 804 1259 881 1301; x_wconf 87' lang='lat' dir='ltr'><strong>vero</strong></span> <span class='ocrx_word' id='word_1_69' title='bbox 908 1246 940 1301; x_wconf 88' lang='lat' dir='ltr'><strong>et</strong></span> <span class='ocrx_word' id='word_1_70' title='bbox 965 1237 1139 1322; x_wconf 86' lang='lat' dir='ltr'><strong>Europam,</strong></span> <span class='ocrx_word' id='word_1_71' title='bbox 1171 1236 1314 1300; x_wconf 87' lang='lat' dir='ltr'><strong>exterius</strong></span> 
     </span>
     <span class='ocr_line' id='line_1_11' title="bbox 196 1318 1314 1414; baseline -0.006 -24"><span class='ocrx_word' id='word_1_72' title='bbox 196 1324 326 1414; x_wconf 88' lang='lat' dir='ltr'><strong>quidem</strong></span> <span class='ocrx_word' id='word_1_73' title='bbox 340 1322 381 1387; x_wconf 92' lang='lat' dir='ltr'><strong>ab</strong></span> <span class='ocrx_word' id='word_1_74' title='bbox 397 1332 504 1386; x_wconf 87' lang='lat' dir='ltr'><strong>austro</strong></span> <span class='ocrx_word' id='word_1_75' title='bbox 518 1325 553 1384; x_wconf 94' lang='lat' dir='ltr'><strong>in</strong></span> <span class='ocrx_word' id='word_1_76' title='bbox 568 1321 815 1407; x_wconf 89' lang='lat' dir='ltr'><strong>septentrionem</strong></span> <span class='ocrx_word' id='word_1_77' title='bbox 831 1341 949 1386; x_wconf 90' lang='lat' dir='ltr'><strong>oceano</strong></span> <span class='ocrx_word' id='word_1_78' title='bbox 966 1319 1189 1400; x_wconf 87' lang='lat' dir='ltr'><strong>circumdatas,</strong></span> <span class='ocrx_word' id='word_1_79' title='bbox 1211 1318 1314 1384; x_wconf 92' lang='lat' dir='ltr'><strong>Medi·</strong></span> 
     </span>
     <span class='ocr_line' id='line_1_12' title="bbox 195 1402 1313 1476; baseline -0.008 -1"><span class='ocrx_word' id='word_1_80' title='bbox 195 1409 379 1476; x_wconf 76' lang='lat' dir='ltr'><strong>terraneusb</strong></span> <span class='ocrx_word' id='word_1_81' title='bbox 409 1406 592 1469; x_wconf 89' lang='lat' dir='ltr'><strong>interiectus</strong></span> <span class='ocrx_word' id='word_1_82' title='bbox 622 1403 830 1469; x_wconf 90' lang='lat' dir='ltr'><strong>discriminat.</strong></span> <span class='ocrx_word' id='word_1_83' title='bbox 881 1402 933 1468; x_wconf 88' lang='lat' dir='ltr'><strong>Ab</strong></span> <span class='ocrx_word' id='word_1_84' title='bbox 956 1403 1037 1468; x_wconf 90' lang='lat' dir='ltr'><strong>Asia</strong></span> <span class='ocrx_word' id='word_1_85' title='bbox 1064 1425 1141 1467; x_wconf 89' lang='lat' dir='ltr'><strong>vero</strong></span> <span class='ocrx_word' id='word_1_86' title='bbox 1177 1405 1313 1468; x_wconf 88' lang='lat' dir='ltr'><strong>interius</strong></span> 
     </span>
     <span class='ocr_line' id='line_1_13' title="bbox 196 1485 1314 1574; baseline -0.007 -16"><span class='ocrx_word' id='word_1_87' title='bbox 196 1515 305 1558; x_wconf 90' lang='lat' dir='ltr'><strong>earum</strong></span> <span class='ocrx_word' id='word_1_88' title='bbox 326 1489 459 1554; x_wconf 90' lang='lat' dir='ltr'><strong>alteram</strong></span> <span class='ocrx_word' id='word_1_89' title='bbox 479 1487 571 1551; x_wconf 83' lang='lat' dir='ltr'><strong>Nilus</strong></span> <span class='ocrx_word' id='word_1_90' title='bbox 579 1500 601 1570; x_wconf 80' lang='lat'><strong>⁰,</strong></span> <span class='ocrx_word' id='word_1_91' title='bbox 624 1485 755 1552; x_wconf 90' lang='lat' dir='ltr'><strong>alteram</strong></span> <span class='ocrx_word' id='word_1_92' title='bbox 776 1510 853 1574; x_wconf 87' lang='lat' dir='ltr'><strong>vero</strong></span> <span class='ocrx_word' id='word_1_93' title='bbox 874 1487 1144 1552; x_wconf 89' lang='lat' dir='ltr'><strong>Mediterraneum</strong></span> <span class='ocrx_word' id='word_1_94' title='bbox 1159 1487 1314 1551; x_wconf 88' lang='lat' dir='ltr'><strong>Thanais·</strong></span> 
     </span>
     <span class='ocr_line' id='line_1_14' title="bbox 197 1569 1315 1663; baseline -0.004 -24"><span class='ocrx_word' id='word_1_95' title='bbox 197 1599 259 1663; x_wconf 91' lang='lat' dir='ltr'><strong>que</strong></span> <span class='ocrx_word' id='word_1_96' title='bbox 280 1596 319 1638; x_wconf 87' lang='lat' dir='ltr'><strong>ac</strong></span> <span class='ocrx_word' id='word_1_97' title='bbox 340 1573 465 1652; x_wconf 73' lang='lat' dir='ltr'><strong>MeotiS,</strong></span> <span class='ocrx_word' id='word_1_98' title='bbox 492 1581 528 1635; x_wconf 91' lang='lat' dir='ltr'><strong>ut</strong></span> <span class='ocrx_word' id='word_1_99' title='bbox 550 1570 671 1636; x_wconf 91' lang='lat' dir='ltr'><strong>dictum</strong></span> <span class='ocrx_word' id='word_1_100' title='bbox 693 1580 750 1652; x_wconf 87' lang='lat' dir='ltr'><strong>est,</strong></span> <span class='ocrx_word' id='word_1_101' title='bbox 779 1573 959 1657; x_wconf 90' lang='lat' dir='ltr'><strong>seiungunt.</strong></span> <span class='ocrx_word' id='word_1_102' title='bbox 1003 1572 1147 1652; x_wconf 80' lang='lat' dir='ltr'><strong>Quarum</strong></span> <span class='ocrx_word' id='word_1_103' title='bbox 1169 1569 1315 1656; x_wconf 82' lang='lat' dir='ltr'><strong>singulae</strong></span> 
     </span>
     <span class='ocr_line' id='line_1_15' title="bbox 198 1653 1315 1743; baseline -0.006 -18"><span class='ocrx_word' id='word_1_104' title='bbox 198 1683 272 1725; x_wconf 90' lang='lat' dir='ltr'><strong>cum</strong></span> <span class='ocrx_word' id='word_1_105' title='bbox 293 1658 439 1743; x_wconf 83' lang='lat' dir='ltr'><strong>proprias</strong></span> <span class='ocrx_word' id='word_1_106' title='bbox 459 1654 598 1720; x_wconf 89' lang='lat' dir='ltr'><strong>habeant</strong></span> <span class='ocrx_word' id='word_1_107' title='bbox 619 1653 866 1738; x_wconf 87' lang='lat' dir='ltr'><strong>distributiones,</strong></span> <span class='ocrx_word' id='word_1_108' title='bbox 888 1656 1039 1741; x_wconf 87' lang='lat' dir='ltr'><strong>Europae</strong></span> <span class='ocrx_word' id='word_1_109' title='bbox 1060 1663 1168 1719; x_wconf 89' lang='lat' dir='ltr'><strong>tamen</strong></span> <span class='ocrx_word' id='word_1_110' title='bbox 1213 1665 1315 1720; x_wconf 90' lang='lat' dir='ltr'><strong>artem</strong></span> 
     </span>
     <span class='ocr_line' id='line_1_16' title="bbox 196 1737 1410 1839; baseline -0.005 -31"><span class='ocrx_word' id='word_1_111' title='bbox 196 1765 304 1824; x_wconf 90' lang='lat' dir='ltr'><strong>unam,</strong></span> <span class='ocrx_word' id='word_1_112' title='bbox 327 1762 408 1839; x_wconf 84' lang='lat' dir='ltr'><strong>quae</strong></span> <span class='ocrx_word' id='word_1_113' title='bbox 431 1737 536 1802; x_wconf 88' lang='lat' dir='ltr'><strong>Gallia</strong></span> <span class='ocrx_word' id='word_1_114' title='bbox 557 1763 576 1804; x_wconf 89' lang='lat' dir='ltr'><strong>a</strong></span> <span class='ocrx_word' id='word_1_115' title='bbox 598 1739 759 1803; x_wconf 78' lang='lat' dir='ltr'><strong>candore²</strong></span> <span class='ocrx_word' id='word_1_116' title='bbox 780 1749 923 1822; x_wconf 76' lang='lat' dir='ltr'><strong>vocabar,</strong></span> <span class='ocrx_word' id='word_1_117' title='bbox 951 1761 988 1804; x_wconf 92' lang='lat' dir='ltr'><strong>eo</strong></span> <span class='ocrx_word' id='word_1_118' title='bbox 1011 1740 1098 1826; x_wconf 91' lang='lat' dir='ltr'><strong>quod</strong></span> <span class='ocrx_word' id='word_1_119' title='bbox 1120 1760 1180 1802; x_wconf 90' lang='lat' dir='ltr'><strong>can</strong></span> <span class='ocrx_word' id='word_1_120' title='bbox 1206 1739 1315 1803; x_wconf 84' lang='lat' dir='ltr'><strong>&#39;dioris</strong></span> <span class='ocrx_word' id='word_1_121' title='bbox 1409 1807 1410 1814; x_wconf 39' lang='grc'><strong>,</strong></span> 
     </span>
     <span class='ocr_line' id='line_1_17' title="bbox 198 1822 1315 1921; baseline -0.006 -28"><span class='ocrx_word' id='word_1_122' title='bbox 198 1828 317 1914; x_wconf 86' lang='lat' dir='ltr'><strong>speciei</strong></span> <span class='ocrx_word' id='word_1_123' title='bbox 338 1825 399 1888; x_wconf 90' lang='lat' dir='ltr'><strong>1nsi</strong></span> <span class='ocrx_word' id='word_1_124' title='bbox 445 1845 469 1921; x_wconf 40' lang='lat' dir='ltr'><strong>e·</strong></span> <span class='ocrx_word' id='word_1_125' title='bbox 485 1824 552 1888; x_wconf 90' lang='lat' dir='ltr'><strong>eius</strong></span> <span class='ocrx_word' id='word_1_126' title='bbox 574 1824 700 1887; x_wconf 90' lang='lat' dir='ltr'><strong>oriundi</strong></span> <span class='ocrx_word' id='word_1_127' title='bbox 720 1822 891 1909; x_wconf 86' lang='lat' dir='ltr'><strong>preferant,</strong></span> <span class='ocrx_word' id='word_1_128' title='bbox 920 1826 954 1887; x_wconf 91' lang='lat' dir='ltr'><strong>in</strong></span> <span class='ocrx_word' id='word_1_129' title='bbox 975 1830 1048 1888; x_wconf 88' lang='lat' dir='ltr'><strong>suas</strong></span> <span class='ocrx_word' id='word_1_130' title='bbox 1070 1822 1222 1888; x_wconf 89' lang='lat' dir='ltr'><strong>diducere</strong></span> <span class='ocrx_word' id='word_1_131' title='bbox 1243 1844 1315 1908; x_wconf 88' lang='lat' dir='ltr'><strong>par-</strong></span> 
     </span>
     <span class='ocr_line' id='line_1_18' title="bbox 197 1919 481 1976; baseline -0.021 0"><span class='ocrx_word' id='word_1_132' title='bbox 197 1920 245 1976; x_wconf 88' lang='lat' dir='ltr'><strong>tes</strong></span> <span class='ocrx_word' id='word_1_133' title='bbox 267 1919 372 1974; x_wconf 84' lang='lat' dir='ltr'><strong>ratum</strong></span> <span class='ocrx_word' id='word_1_134' title='bbox 415 1930 481 1971; x_wconf 85' lang='lat' dir='ltr'><strong>uxr.</strong></span> 
     </span>
    </p>
   </div>
   <div class='ocr_carea' id='block_1_3' title="bbox 81 2024 1317 3306">
    <p class='ocr_par' dir='ltr' id='par_1_5' title="bbox 81 2024 1317 3284">
     <span class='ocr_line' id='line_1_19' title="bbox 81 2024 1134 2114; baseline -0.005 -19"><span class='ocrx_word' id='word_1_135' title='bbox 81 2051 121 2106; x_wconf 62' lang='grc' dir='ltr'><strong>’μ</strong></span> <span class='ocrx_word' id='word_1_136' title='bbox 136 2053 188 2095; x_wconf 78' lang='lat' dir='ltr'><strong>sea</strong></span> <span class='ocrx_word' id='word_1_137' title='bbox 380 2029 427 2092; x_wconf 73' lang='lat' dir='ltr'><strong>*R</strong></span> <span class='ocrx_word' id='word_1_138' title='bbox 469 2027 567 2091; x_wconf 89' lang='lat' dir='ltr'><strong>Istius</strong></span> <span class='ocrx_word' id='word_1_139' title='bbox 590 2025 713 2093; x_wconf 77' lang='lat' dir='ltr'><strong>Galbae</strong></span> <span class='ocrx_word' id='word_1_140' title='bbox 734 2051 793 2114; x_wconf 91' lang='lat' dir='ltr'><strong>per</strong></span> <span class='ocrx_word' id='word_1_141' title='bbox 813 2037 921 2114; x_wconf 89' lang='lat' dir='ltr'><strong>partes</strong></span> <span class='ocrx_word' id='word_1_142' title='bbox 934 2024 1134 2093; x_wconf 80' lang='lat' dir='ltr'><strong>&#39;distributio</strong></span> 
     </span>
     <span class='ocr_line' id='line_1_20' title="bbox 282 2127 1315 2216; baseline -0.003 -21"><span class='ocrx_word' id='word_1_143' title='bbox 282 2127 415 2195; x_wconf 70' lang='lat' dir='ltr'><strong>Gallia³</strong></span> <span class='ocrx_word' id='word_1_144' title='bbox 429 2151 506 2214; x_wconf 89' lang='lat' dir='ltr'><strong>ergo</strong></span> <span class='ocrx_word' id='word_1_145' title='bbox 528 2130 581 2194; x_wconf 75' lang='lat' dir='ltr'><strong>et‘l</strong></span> <span class='ocrx_word' id='word_1_146' title='bbox 601 2129 695 2216; x_wconf 79' lang='lat' dir='ltr'><strong>ipsad</strong></span> <span class='ocrx_word' id='word_1_147' title='bbox 715 2131 748 2193; x_wconf 92' lang='lat' dir='ltr'><strong>in</strong></span> <span class='ocrx_word' id='word_1_148' title='bbox 768 2131 829 2194; x_wconf 91' lang='lat' dir='ltr'><strong>tria</strong></span> <span class='ocrx_word' id='word_1_149' title='bbox 843 2130 991 2195; x_wconf 87' lang='lat' dir='ltr'><strong>distincta</strong></span> <span class='ocrx_word' id='word_1_150' title='bbox 1012 2140 1069 2214; x_wconf 90' lang='lat' dir='ltr'><strong>est,</strong></span> <span class='ocrx_word' id='word_1_151' title='bbox 1090 2131 1125 2194; x_wconf 91' lang='lat' dir='ltr'><strong>in</strong></span> <span class='ocrx_word' id='word_1_152' title='bbox 1139 2127 1315 2215; x_wconf 87' lang='lat' dir='ltr'><strong>Belgicam,</strong></span> 
     </span>
     <span class='ocr_line' id='line_1_21' title="bbox 199 2213 1316 2300; baseline -0.004 -19"><span class='ocrx_word' id='word_1_153' title='bbox 199 2213 362 2296; x_wconf 76' lang='lat' dir='ltr'><strong>Gallicam,</strong></span> <span class='ocrx_word' id='word_1_154' title='bbox 384 2214 619 2300; x_wconf 87' lang='lat' dir='ltr'><strong>Aquitanicam.</strong></span> <span class='ocrx_word' id='word_1_155' title='bbox 663 2215 807 2296; x_wconf 74' lang='lat' dir='ltr'><strong>Quarum</strong></span> <span class='ocrx_word' id='word_1_156' title='bbox 828 2216 917 2300; x_wconf 92' lang='lat' dir='ltr'><strong>prior</strong></span> <span class='ocrx_word' id='word_1_157' title='bbox 930 2213 1064 2300; x_wconf 88' lang='lat' dir='ltr'><strong>Belgica</strong></span> <span class='ocrx_word' id='word_1_158' title='bbox 1080 2235 1101 2277; x_wconf 90' lang='lat' dir='ltr'><strong>a</strong></span> <span class='ocrx_word' id='word_1_159' title='bbox 1114 2213 1237 2295; x_wconf 89' lang='lat' dir='ltr'><strong>Rheno,</strong></span> <span class='ocrx_word' id='word_1_160' title='bbox 1261 2214 1316 2299; x_wconf 88' lang='lat' dir='ltr'><strong>qui</strong></span> 
     </span>
     <span class='ocr_line' id='line_1_22' title="bbox 199 2297 1316 2385; baseline -0.002 -21"><span class='ocrx_word' id='word_1_161' title='bbox 199 2299 405 2364; x_wconf 82' lang='lat' dir='ltr'><strong>Germaniam</strong></span> <span class='ocrx_word' id='word_1_162' title='bbox 430 2299 472 2364; x_wconf 89' lang='lat' dir='ltr'><strong>ab</strong></span> <span class='ocrx_word' id='word_1_163' title='bbox 499 2320 618 2363; x_wconf 89' lang='lat' dir='ltr'><strong>oceano</strong></span> <span class='ocrx_word' id='word_1_164' title='bbox 646 2299 843 2379; x_wconf 86' lang='lat' dir='ltr'><strong>determinat,</strong></span> <span class='ocrx_word' id='word_1_165' title='bbox 873 2320 955 2385; x_wconf 89' lang='lat' dir='ltr'><strong>quae</strong></span> <span class='ocrx_word' id='word_1_166' title='bbox 976 2297 1147 2363; x_wconf 88' lang='lat' dir='ltr'><strong>multarum</strong></span> <span class='ocrx_word' id='word_1_167' title='bbox 1170 2298 1316 2383; x_wconf 85' lang='lat' dir='ltr'><strong>gentium</strong></span> 
     </span>
     <span class='ocr_line' id='line_1_23' title="bbox 196 2382 1316 2468; baseline -0.004 -20"><span class='ocrx_word' id='word_1_168' title='bbox 196 2384 288 2448; x_wconf 85' lang='lat' dir='ltr'><strong>ferax</strong></span> <span class='ocrx_word' id='word_1_169' title='bbox 309 2406 329 2447; x_wconf 90' lang='lat' dir='ltr'><strong>a</strong></span> <span class='ocrx_word' id='word_1_170' title='bbox 372 2384 556 2450; x_wconf 88' lang='lat' dir='ltr'><strong>erminando</strong></span> <span class='ocrx_word' id='word_1_171' title='bbox 578 2404 696 2447; x_wconf 89' lang='lat' dir='ltr'><strong>nomen</strong></span> <span class='ocrx_word' id='word_1_172' title='bbox 725 2384 878 2468; x_wconf 81' lang='lat' dir='ltr'><strong>accepit⁴,</strong></span> <span class='ocrx_word' id='word_1_173' title='bbox 912 2383 1129 2468; x_wconf 88' lang='lat' dir='ltr'><strong>exporrigitur</strong></span> <span class='ocrx_word' id='word_1_174' title='bbox 1155 2403 1262 2466; x_wconf 89' lang='lat' dir='ltr'><strong>usque</strong></span> <span class='ocrx_word' id='word_1_175' title='bbox 1283 2382 1316 2444; x_wconf 94' lang='lat' dir='ltr'><strong>in</strong></span> 
     </span>
     <span class='ocr_line' id='line_1_24' title="bbox 196 2405 1314 2552; baseline -0.003 -21"><span class='ocrx_word' id='word_1_176' title='bbox 196 2467 330 2534; x_wconf 85' lang='lat' dir='ltr'><strong>fluvium</strong></span> <span class='ocrx_word' id='word_1_177' title='bbox 348 2405 540 2531; x_wconf 79' lang='lat' dir='ltr'><strong>Matronam.</strong></span> <span class='ocrx_word' id='word_1_178' title='bbox 582 2466 658 2531; x_wconf 81' lang='lat' dir='ltr'><strong>Ab*</strong></span> <span class='ocrx_word' id='word_1_179' title='bbox 680 2476 815 2552; x_wconf 91' lang='lat' dir='ltr'><strong>utroque</strong></span> <span class='ocrx_word' id='word_1_180' title='bbox 841 2489 917 2531; x_wconf 89' lang='lat' dir='ltr'><strong>vero</strong></span> <span class='ocrx_word' id='word_1_181' title='bbox 944 2466 1050 2549; x_wconf 89' lang='lat' dir='ltr'><strong>latere,</strong></span> <span class='ocrx_word' id='word_1_182' title='bbox 1080 2466 1155 2530; x_wconf 92' lang='lat' dir='ltr'><strong>hinc</strong></span> <span class='ocrx_word' id='word_1_183' title='bbox 1181 2465 1314 2551; x_wconf 90' lang='lat' dir='ltr'><strong>quidem</strong></span> 
     </span>
     <span class='ocr_line' id='line_1_25' title="bbox 163 2548 1314 2636; baseline -0.002 -20"><span class='ocrx_word' id='word_1_184' title='bbox 163 2585 167 2592; x_wconf 93' lang='lat'><strong>·</strong></span> <span class='ocrx_word' id='word_1_185' title='bbox 197 2549 336 2636; x_wconf 92' lang='lat' dir='ltr'><strong>Alpibus</strong></span> <span class='ocrx_word' id='word_1_186' title='bbox 358 2550 519 2630; x_wconf 86' lang='lat' dir='ltr'><strong>Penninis,</strong></span> <span class='ocrx_word' id='word_1_187' title='bbox 544 2549 619 2613; x_wconf 92' lang='lat' dir='ltr'><strong>inde</strong></span> <span class='ocrx_word' id='word_1_188' title='bbox 639 2571 715 2614; x_wconf 89' lang='lat' dir='ltr'><strong>vero</strong></span> <span class='ocrx_word' id='word_1_189' title='bbox 742 2551 824 2613; x_wconf 90' lang='lat' dir='ltr'><strong>mari</strong></span> <span class='ocrx_word' id='word_1_190' title='bbox 849 2549 994 2632; x_wconf 88' lang='lat' dir='ltr'><strong>vallatur,</strong></span> <span class='ocrx_word' id='word_1_191' title='bbox 1022 2551 1113 2614; x_wconf 88' lang='lat' dir='ltr'><strong>cuius</strong></span> <span class='ocrx_word' id='word_1_192' title='bbox 1142 2548 1314 2614; x_wconf 82' lang='lat' dir='ltr'><strong>circumfir-</strong></span> 
     </span>
     <span class='ocr_line' id='line_1_26' title="bbox 198 2631 1316 2699; baseline -0.004 0"><span class='ocrx_word' id='word_1_193' title='bbox 198 2636 287 2699; x_wconf 89' lang='lat' dir='ltr'><strong>sione</strong></span> <span class='ocrx_word' id='word_1_194' title='bbox 304 2631 408 2696; x_wconf 88' lang='lat' dir='ltr'><strong>insula</strong></span> <span class='ocrx_word' id='word_1_195' title='bbox 428 2632 628 2696; x_wconf 88' lang='lat' dir='ltr'><strong>Brittannica</strong></span> <span class='ocrx_word' id='word_1_196' title='bbox 648 2632 793 2698; x_wconf 88' lang='lat' dir='ltr'><strong>efficitur.</strong></span> <span class='ocrx_word' id='word_1_197' title='bbox 837 2633 959 2699; x_wconf 86' lang='lat' dir='ltr'><strong>Geltica</strong></span> <span class='ocrx_word' id='word_1_198' title='bbox 973 2636 1116 2699; x_wconf 82' lang='lat' dir='ltr'><strong>autem**</strong></span> <span class='ocrx_word' id='word_1_199' title='bbox 1131 2655 1151 2696; x_wconf 91' lang='lat' dir='ltr'><strong>a</strong></span> <span class='ocrx_word' id='word_1_200' title='bbox 1164 2633 1316 2698; x_wconf 87' lang='lat' dir='ltr'><strong>Matrona</strong></span> 
     </span>
     <span class='ocr_line' id='line_1_27' title="bbox 222 2714 1315 2801; baseline -0.001 -20"><span class='ocrx_word' id='word_1_201' title='bbox 222 2740 256 2782; x_wconf 90' lang='lat' dir='ltr'><strong>er</strong></span> <span class='ocrx_word' id='word_1_202' title='bbox 276 2716 408 2801; x_wconf 92' lang='lat' dir='ltr'><strong>longum</strong></span> <span class='ocrx_word' id='word_1_203' title='bbox 428 2717 462 2778; x_wconf 94' lang='lat' dir='ltr'><strong>in</strong></span> <span class='ocrx_word' id='word_1_204' title='bbox 484 2714 670 2779; x_wconf 77' lang='lat' dir='ltr'><strong>Garrmnam</strong></span> <span class='ocrx_word' id='word_1_205' title='bbox 693 2715 898 2801; x_wconf 82' lang='lat' dir='ltr'><strong>distenditur3</strong></span> <span class='ocrx_word' id='word_1_206' title='bbox 922 2719 1065 2782; x_wconf 81' lang='lat' dir='ltr'><strong>cuius***</strong></span> <span class='ocrx_word' id='word_1_207' title='bbox 1085 2716 1186 2782; x_wconf 88' lang='lat' dir='ltr'><strong>latera</strong></span> <span class='ocrx_word' id='word_1_208' title='bbox 1200 2717 1315 2782; x_wconf 87' lang='lat' dir='ltr'><strong>oceani</strong></span> 
     </span>
     <span class='ocr_line' id='line_1_28' title="bbox 199 2739 1315 2886; baseline 0 -22"><span class='ocrx_word' id='word_1_209' title='bbox 199 2739 390 2864; x_wconf 63' lang='lat' dir='ltr'><strong>brittannici</strong></span> <span class='ocrx_word' id='word_1_210' title='bbox 412 2807 444 2864; x_wconf 93' lang='lat' dir='ltr'><strong>et</strong></span> <span class='ocrx_word' id='word_1_211' title='bbox 464 2797 586 2863; x_wconf 88' lang='lat' dir='ltr'><strong>insulae</strong></span> <span class='ocrx_word' id='word_1_212' title='bbox 600 2799 818 2865; x_wconf 86' lang='lat' dir='ltr'><strong>Brittannicae</strong></span> <span class='ocrx_word' id='word_1_213' title='bbox 839 2800 955 2867; x_wconf 89' lang='lat' dir='ltr'><strong>limites</strong></span> <span class='ocrx_word' id='word_1_214' title='bbox 977 2802 1105 2867; x_wconf 89' lang='lat' dir='ltr'><strong>habent.</strong></span> <span class='ocrx_word' id='word_1_215' title='bbox 1148 2799 1315 2886; x_wconf 78' lang='lat' dir='ltr'><strong>Quicquid</strong></span> 
     </span>
     <span class='ocr_line' id='line_1_29' title="bbox 199 2882 1315 2971; baseline -0.003 -21"><span class='ocrx_word' id='word_1_216' title='bbox 199 2905 275 2950; x_wconf 91' lang='lat' dir='ltr'><strong>vero</strong></span> <span class='ocrx_word' id='word_1_217' title='bbox 295 2905 315 2946; x_wconf 90' lang='lat' dir='ltr'><strong>a</strong></span> <span class='ocrx_word' id='word_1_218' title='bbox 329 2882 483 2947; x_wconf 80' lang='lat' dir='ltr'><strong>Garunna</strong></span> <span class='ocrx_word' id='word_1_219' title='bbox 504 2882 712 2948; x_wconf 83' lang='lat' dir='ltr'><strong>distenditur†</strong></span> <span class='ocrx_word' id='word_1_220' title='bbox 726 2885 766 2946; x_wconf 86' lang='lat' dir='ltr'><strong>in</strong></span> <span class='ocrx_word' id='word_1_221' title='bbox 787 2886 967 2969; x_wconf 88' lang='lat' dir='ltr'><strong>Pireneum,</strong></span> <span class='ocrx_word' id='word_1_222' title='bbox 989 2885 1184 2971; x_wconf 88' lang='lat' dir='ltr'><strong>Aquitanica</strong></span> <span class='ocrx_word' id='word_1_223' title='bbox 1205 2883 1315 2969; x_wconf 91' lang='lat' dir='ltr'><strong>appel-</strong></span> 
     </span>
     <span class='ocr_line' id='line_1_30' title="bbox 199 2966 1316 3055; baseline 0.001 -24"><span class='ocrx_word' id='word_1_224' title='bbox 199 2967 290 3050; x_wconf 88' lang='lat' dir='ltr'><strong>latur,</strong></span> <span class='ocrx_word' id='word_1_225' title='bbox 330 2967 439 3038; x_wconf 78' lang='lat' dir='ltr'><strong>hinc††</strong></span> <span class='ocrx_word' id='word_1_226' title='bbox 474 2967 630 3031; x_wconf 86' lang='lat' dir='ltr'><strong>Rhodano</strong></span> <span class='ocrx_word' id='word_1_227' title='bbox 659 2966 818 3055; x_wconf 89' lang='lat' dir='ltr'><strong>Ararique</strong></span> <span class='ocrx_word' id='word_1_228' title='bbox 850 2980 883 3034; x_wconf 90' lang='lat' dir='ltr'><strong>at</strong></span> <span class='ocrx_word' id='word_1_229' title='bbox 905 2992 946 3034; x_wconf 92' lang='lat' dir='ltr'><strong>ue</strong></span> <span class='ocrx_word' id='word_1_230' title='bbox 977 2969 1053 3035; x_wconf 91' lang='lat' dir='ltr'><strong>inde</strong></span> <span class='ocrx_word' id='word_1_231' title='bbox 1079 2968 1316 3034; x_wconf 84' lang='lat' dir='ltr'><strong>Mediterranea</strong></span> 
     </span>
     <span class='ocr_line' id='line_1_31' title="bbox 201 3049 1317 3140; baseline 0 -24"><span class='ocrx_word' id='word_1_232' title='bbox 201 3050 409 3116; x_wconf 84' lang='lat' dir='ltr'><strong>conlimitans.</strong></span> <span class='ocrx_word' id='word_1_233' title='bbox 453 3049 586 3115; x_wconf 82' lang='lat' dir='ltr'><strong>Constat</strong></span> <span class='ocrx_word' id='word_1_234' title='bbox 598 3052 716 3136; x_wconf 86' lang='lat' dir='ltr'><strong>itaque,</strong></span> <span class='ocrx_word' id='word_1_235' title='bbox 731 3053 871 3118; x_wconf 86' lang='lat' dir='ltr'><strong>totiusG</strong></span> <span class='ocrx_word' id='word_1_236' title='bbox 916 3054 967 3118; x_wconf 88' lang='lat' dir='ltr'><strong>iae</strong></span> <span class='ocrx_word' id='word_1_237' title='bbox 981 3054 1120 3140; x_wconf 86' lang='lat' dir='ltr'><strong>spatium</strong></span> <span class='ocrx_word' id='word_1_238' title='bbox 1135 3053 1176 3118; x_wconf 91' lang='lat' dir='ltr'><strong>ab</strong></span> <span class='ocrx_word' id='word_1_239' title='bbox 1192 3053 1317 3117; x_wconf 81' lang='lat' dir='ltr'><strong>oriente</strong></span> 
     </span>
     <span class='ocr_line' id='line_1_32' title="bbox 199 3133 1317 3284; baseline 0 -85"><span class='ocrx_word' id='word_1_240' title='bbox 199 3135 329 3284; x_wconf 55' lang='lat' dir='ltr'><strong>guidem</strong></span> <span class='ocrx_word' id='word_1_241' title='bbox 344 3135 464 3216; x_wconf 91' lang='lat' dir='ltr'><strong>Rheno,</strong></span> <span class='ocrx_word' id='word_1_242' title='bbox 479 3133 520 3198; x_wconf 91' lang='lat' dir='ltr'><strong>ab</strong></span> <span class='ocrx_word' id='word_1_243' title='bbox 536 3135 701 3200; x_wconf 88' lang='lat' dir='ltr'><strong>occidente</strong></span> <span class='ocrx_word' id='word_1_244' title='bbox 708 3137 855 3221; x_wconf 84' lang='lat' dir='ltr'><strong>Pyrenen</strong></span> <span class='ocrx_word' id='word_1_245' title='bbox 865 3142 914 3220; x_wconf 64' lang='lat' dir='ltr'><strong>iti,</strong></span> <span class='ocrx_word' id='word_1_246' title='bbox 930 3147 962 3202; x_wconf 91' lang='lat' dir='ltr'><strong>et</strong></span> <span class='ocrx_word' id='word_1_247' title='bbox 975 3159 995 3200; x_wconf 86' lang='lat' dir='ltr'><strong>a</strong></span> <span class='ocrx_word' id='word_1_248' title='bbox 1009 3137 1223 3237; x_wconf 82' lang='lat' dir='ltr'><strong>septentrione</strong></span> <span class='ocrx_word' id='word_1_249' title='bbox 1233 3136 1317 3200; x_wconf 88' lang='lat' dir='ltr'><strong>mari</strong></span> 
     </span>
    </p>

    <p class='ocr_par' dir='ltr' id='par_1_6' title="bbox 158 3219 1068 3306">
     <span class='ocr_line' id='line_1_33' title="bbox 158 3219 1068 3306; baseline -0.001 -19"><span class='ocrx_word' id='word_1_250' title='bbox 158 3282 160 3287; x_wconf 90' lang='lat'><strong>.</strong></span> <span class='ocrx_word' id='word_1_251' title='bbox 229 3220 406 3302; x_wconf 80' lang='lat' dir='ltr'><strong>rittannicO,</strong></span> <span class='ocrx_word' id='word_1_252' title='bbox 428 3219 469 3284; x_wconf 91' lang='lat' dir='ltr'><strong>ab</strong></span> <span class='ocrx_word' id='word_1_253' title='bbox 490 3228 596 3284; x_wconf 89' lang='lat' dir='ltr'><strong>austro</strong></span> <span class='ocrx_word' id='word_1_254' title='bbox 618 3242 695 3285; x_wconf 88' lang='lat' dir='ltr'><strong>vero</strong></span> <span class='ocrx_word' id='word_1_255' title='bbox 717 3220 950 3288; x_wconf 87' lang='lat' dir='ltr'><strong>Mediterraneo</strong></span> <span class='ocrx_word' id='word_1_256' title='bbox 972 3223 1068 3306; x_wconf 77' lang='lat' dir='ltr'><strong>cingi.</strong></span> 
     </span>
    </p>
   </div>
   <div class='ocr_carea' id='block_1_4' title="bbox 272 3341 1041 3487">
    <p class='ocr_par' dir='ltr' id='par_1_7' title="bbox 272 3341 1041 3487">
     <span class='ocr_line' id='line_1_34' title="bbox 272 3341 690 3415; baseline 0.002 -17"><span class='ocrx_word' id='word_1_257' title='bbox 272 3341 295 3412; x_wconf 80' lang='lat'><strong>⁶)</strong></span> <span class='ocrx_word' id='word_1_258' title='bbox 314 3347 406 3398; x_wconf 82' lang='lat' dir='ltr'><strong>Ab-</strong></span> <span class='ocrx_word' id='word_1_259' title='bbox 427 3347 540 3400; x_wconf 86' lang='lat' dir='ltr'><strong>efficitur</strong></span> <span class='ocrx_word' id='word_1_260' title='bbox 557 3347 587 3399; x_wconf 78' lang='lat' dir='ltr'><strong>ia</strong></span> <span class='ocrx_word' id='word_1_261' title='bbox 605 3365 690 3415; x_wconf 67' lang='lat' dir='ltr'><strong>marg.</strong></span> 
     </span>
     <span class='ocr_line' id='line_1_35' title="bbox 315 3421 1041 3487; baseline 0.003 -15"><span class='ocrx_word' id='word_1_262' title='bbox 315 3426 404 3472; x_wconf 85' lang='lat' dir='ltr'><strong>autem</strong></span> <span class='ocrx_word' id='word_1_263' title='bbox 423 3421 486 3473; x_wconf 87' lang='lat' dir='ltr'><strong>hinc</strong></span> <span class='ocrx_word' id='word_1_264' title='bbox 501 3423 631 3487; x_wconf 85' lang='lat' dir='ltr'><strong>Matrona,</strong></span> <span class='ocrx_word' id='word_1_265' title='bbox 650 3422 714 3472; x_wconf 86' lang='lat' dir='ltr'><strong>inde</strong></span> <span class='ocrx_word' id='word_1_266' title='bbox 735 3423 862 3474; x_wconf 87' lang='lat' dir='ltr'><strong>Garunna</strong></span> <span class='ocrx_word' id='word_1_267' title='bbox 881 3422 997 3474; x_wconf 88' lang='lat' dir='ltr'><strong>abluitur</strong></span> <span class='ocrx_word' id='word_1_268' title='bbox 1017 3424 1041 3474; x_wconf 90' lang='lat'><strong>1.</strong></span> 
     </span>
    </p>
   </div>
   <div class='ocr_carea' id='block_1_5' title="bbox 1407 1340 1412 1958">
    <p class='ocr_par' dir='ltr' id='par_1_8' title="bbox 1407 1340 1412 1958">
     <span class='ocr_line' id='line_1_36' title="bbox 1407 1340 1412 1958; baseline 0 0"><span class='ocrx_word' id='word_1_269' title='bbox 1407 1340 1412 1958; x_wconf 95' lang='lat' dir='ltr'><strong> </strong></span> 
     </span>
    </p>
   </div>
   <div class='ocr_carea' id='block_1_6' title="bbox 243 3418 715 3562">
    <p class='ocr_par' dir='ltr' id='par_1_9' title="bbox 243 3418 715 3562">
     <span class='ocr_line' id='line_1_37' title="bbox 259 3418 283 3444; baseline 0 0"><span class='ocrx_word' id='word_1_270' title='bbox 259 3418 283 3444; x_wconf 50' lang='grc' dir='ltr'><strong>*ἵ</strong></span> 
     </span>
     <span class='ocr_line' id='line_1_38' title="bbox 243 3490 715 3562; baseline 0.002 -17"><span class='ocrx_word' id='word_1_271' title='bbox 243 3490 293 3562; x_wconf 68' lang='lat' dir='ltr'><strong>m)</strong></span> <span class='ocrx_word' id='word_1_272' title='bbox 312 3497 388 3546; x_wconf 84' lang='lat' dir='ltr'><strong>cuius</strong></span> <span class='ocrx_word' id='word_1_273' title='bbox 407 3522 442 3532; x_wconf 94' lang='lat'><em>-</em></span> <span class='ocrx_word' id='word_1_274' title='bbox 462 3495 564 3546; x_wconf 88' lang='lat' dir='ltr'><strong>habent</strong></span> <span class='ocrx_word' id='word_1_275' title='bbox 581 3493 611 3544; x_wconf 78' lang='lat' dir='ltr'><strong>in</strong></span> <span class='ocrx_word' id='word_1_276' title='bbox 628 3511 715 3561; x_wconf 69' lang='lat' dir='ltr'><strong>marg.</strong></span> 
     </span>
    </p>
   </div>
   <div class='ocr_carea' id='block_1_7' title="bbox 271 3565 1318 3691">
    <p class='ocr_par' dir='ltr' id='par_1_10' title="bbox 271 3565 1318 3691">
     <span class='ocr_line' id='line_1_39' title="bbox 271 3565 1318 3689; baseline -0.002 -71"><span class='ocrx_word' id='word_1_277' title='bbox 271 3565 296 3636; x_wconf 65' lang='lat'><strong>³²)</strong></span> <span class='ocrx_word' id='word_1_278' title='bbox 317 3567 344 3621; x_wconf 85' lang='lat' dir='ltr'><strong>d.</strong></span> <span class='ocrx_word' id='word_1_279' title='bbox 363 3570 391 3618; x_wconf 93' lang='lat' dir='ltr'><strong>in</strong></span> <span class='ocrx_word' id='word_1_280' title='bbox 409 3569 549 3689; x_wconf 63' lang='lat' dir='ltr'><strong>Hibprum</strong></span> <span class='ocrx_word' id='word_1_281' title='bbox 569 3569 615 3632; x_wconf 90' lang='lat' dir='ltr'><strong>qui</strong></span> <span class='ocrx_word' id='word_1_282' title='bbox 633 3567 763 3618; x_wconf 85' lang='lat' dir='ltr'><strong>Hiberiae</strong></span> <span class='ocrx_word' id='word_1_283' title='bbox 788 3570 893 3633; x_wconf 80' lang='lat' dir='ltr'><strong>regioni</strong></span> <span class='ocrx_word' id='word_1_284' title='bbox 917 3584 1014 3620; x_wconf 88' lang='lat' dir='ltr'><strong>nomen</strong></span> <span class='ocrx_word' id='word_1_285' title='bbox 1041 3567 1148 3631; x_wconf 85' lang='lat' dir='ltr'><strong>indidit,</strong></span> <span class='ocrx_word' id='word_1_286' title='bbox 1176 3581 1262 3634; x_wconf 78' lang='lat' dir='ltr'><strong>usque</strong></span> <span class='ocrx_word' id='word_1_287' title='bbox 1288 3569 1318 3617; x_wconf 91' lang='lat' dir='ltr'><strong>in</strong></span> 
     </span>
     <span class='ocr_line' id='line_1_40' title="bbox 317 3656 493 3691; baseline 0.006 -1"><span class='ocrx_word' id='word_1_288' title='bbox 317 3656 446 3691; x_wconf 83' lang='lat' dir='ltr'><strong>oceanum</strong></span> <span class='ocrx_word' id='word_1_289' title='bbox 486 3677 493 3691; x_wconf 93' lang='lat'><strong>.</strong></span> 
     </span>
    </p>
   </div>
   <div class='ocr_carea' id='block_1_8' title="bbox 258 3710 1318 3852">
    <p class='ocr_par' dir='ltr' id='par_1_11' title="bbox 258 3710 1318 3852">
     <span class='ocr_line' id='line_1_41' title="bbox 258 3710 1318 3780; baseline 0.003 -19"><span class='ocrx_word' id='word_1_290' title='bbox 258 3710 297 3779; x_wconf 56' lang='grc' dir='ltr'><strong>ἢ)</strong></span> <span class='ocrx_word' id='word_1_291' title='bbox 316 3713 379 3762; x_wconf 87' lang='lat' dir='ltr'><strong>hinc</strong></span> <span class='ocrx_word' id='word_1_292' title='bbox 399 3714 553 3778; x_wconf 86' lang='lat' dir='ltr'><strong>provinciae</strong></span> <span class='ocrx_word' id='word_1_293' title='bbox 572 3712 750 3776; x_wconf 84' lang='lat' dir='ltr'><strong>Lugdunensi</strong></span> <span class='ocrx_word' id='word_1_294' title='bbox 769 3731 837 3764; x_wconf 82' lang='lat' dir='ltr'><strong>corr.</strong></span> <span class='ocrx_word' id='word_1_295' title='bbox 856 3715 988 3766; x_wconf 84' lang='lat' dir='ltr'><strong>Rhodano</strong></span> <span class='ocrx_word' id='word_1_296' title='bbox 1002 3716 1131 3780; x_wconf 81' lang='lat' dir='ltr'><strong>Ararique</strong></span> <span class='ocrx_word' id='word_1_297' title='bbox 1151 3719 1233 3779; x_wconf 87' lang='lat' dir='ltr'><strong>atque</strong></span> <span class='ocrx_word' id='word_1_298' title='bbox 1252 3713 1318 3764; x_wconf 88' lang='lat' dir='ltr'><strong>inde</strong></span> 
     </span>
     <span class='ocr_line' id='line_1_42' title="bbox 317 3783 939 3852; baseline 0.01 -18"><span class='ocrx_word' id='word_1_299' title='bbox 317 3785 391 3834; x_wconf 86' lang='lat' dir='ltr'><strong>Med.</strong></span> <span class='ocrx_word' id='word_1_300' title='bbox 413 3801 436 3836; x_wconf 89' lang='lat' dir='ltr'><strong>c.</strong></span> <span class='ocrx_word' id='word_1_301' title='bbox 455 3784 484 3834; x_wconf 81' lang='lat' dir='ltr'><strong>ia</strong></span> <span class='ocrx_word' id='word_1_302' title='bbox 502 3801 588 3850; x_wconf 75' lang='lat' dir='ltr'><strong>marq.</strong></span> <span class='ocrx_word' id='word_1_303' title='bbox 609 3785 634 3835; x_wconf 92' lang='grc'><strong>1.</strong></span> <span class='ocrx_word' id='word_1_304' title='bbox 712 3783 763 3851; x_wconf 81' lang='lat'>†††)</span> <span class='ocrx_word' id='word_1_305' title='bbox 782 3787 893 3852; x_wconf 83' lang='lat' dir='ltr'><strong>Hybero</strong></span> <span class='ocrx_word' id='word_1_306' title='bbox 914 3789 939 3840; x_wconf 92' lang='grc'><strong>1.</strong></span> 
     </span>
    </p>
   </div>
   <div class='ocr_carea' id='block_1_9' title="bbox 258 3872 1318 3930">
    <p class='ocr_par' dir='ltr' id='par_1_12' title="bbox 258 3872 1318 3930">
     <span class='ocr_line' id='line_1_43' title="bbox 258 3872 1318 3930; baseline 0.003 -17"><span class='ocrx_word' id='word_1_307' title='bbox 258 3872 280 3925; x_wconf 82' lang='lat' dir='ltr'><strong>a)</strong></span> <span class='ocrx_word' id='word_1_308' title='bbox 298 3875 356 3914; x_wconf 69' lang='lat' dir='ltr'><strong>Hace</strong></span> <span class='ocrx_word' id='word_1_309' title='bbox 371 3875 465 3923; x_wconf 73' lang='lat' dir='ltr'><strong>capitum</strong></span> <span class='ocrx_word' id='word_1_310' title='bbox 479 3879 607 3924; x_wconf 66' lang='lat' dir='ltr'><strong>aroameara</strong></span> <span class='ocrx_word' id='word_1_311' title='bbox 622 3876 645 3914; x_wconf 80' lang='lat' dir='ltr'><strong>ia</strong></span> <span class='ocrx_word' id='word_1_312' title='bbox 661 3877 707 3917; x_wconf 81' lang='lat' dir='ltr'><strong>cod.</strong></span> <span class='ocrx_word' id='word_1_313' title='bbox 722 3888 804 3928; x_wconf 76' lang='lat' dir='ltr'><strong>semper</strong></span> <span class='ocrx_word' id='word_1_314' title='bbox 819 3878 844 3918; x_wconf 80' lang='lat' dir='ltr'><strong>ia</strong></span> <span class='ocrx_word' id='word_1_315' title='bbox 858 3880 955 3930; x_wconf 65' lang='lat' dir='ltr'><strong>maraine</strong></span> <span class='ocrx_word' id='word_1_316' title='bbox 975 3879 1056 3928; x_wconf 77' lang='lat' dir='ltr'><strong>scripta</strong></span> <span class='ocrx_word' id='word_1_317' title='bbox 1071 3882 1122 3918; x_wconf 79' lang='lat' dir='ltr'><strong>caat</strong></span> <span class='ocrx_word' id='word_1_318' title='bbox 1137 3877 1258 3926; x_wconf 58' lang='lat' dir='ltr'><strong>amoribus</strong></span> <span class='ocrx_word' id='word_1_319' title='bbox 1270 3878 1318 3927; x_wconf 69' lang='lat' dir='ltr'><strong>pla·</strong></span> 
     </span>
    </p>
   </div>
   <div class='ocr_carea' id='block_1_10' title="bbox 198 3933 1319 4043">
    <p class='ocr_par' dir='ltr' id='par_1_13' title="bbox 198 3933 1319 4043">
     <span class='ocr_line' id='line_1_44' title="bbox 198 3933 1319 3989; baseline 0.004 -16"><span class='ocrx_word' id='word_1_320' title='bbox 198 3944 291 3982; x_wconf 71' lang='lat' dir='ltr'><strong>namque</strong></span> <span class='ocrx_word' id='word_1_321' title='bbox 310 3934 394 3973; x_wconf 71' lang='lat' dir='ltr'><strong>littorio.</strong></span> <span class='ocrx_word' id='word_1_322' title='bbox 462 3933 485 3985; x_wconf 89' lang='lat' dir='ltr'><strong>b)</strong></span> <span class='ocrx_word' id='word_1_323' title='bbox 501 3933 584 3973; x_wconf 75' lang='lat' dir='ltr'><strong>litterae</strong></span> <span class='ocrx_word' id='word_1_324' title='bbox 604 3944 645 3973; x_wconf 81' lang='lat' dir='ltr'><strong>eus</strong></span> <span class='ocrx_word' id='word_1_325' title='bbox 665 3936 702 3974; x_wconf 80' lang='lat' dir='ltr'><strong>via</strong></span> <span class='ocrx_word' id='word_1_326' title='bbox 723 3937 763 3986; x_wconf 69' lang='lat' dir='ltr'><strong>lapi</strong></span> <span class='ocrx_word' id='word_1_327' title='bbox 781 3943 887 3989; x_wconf 67' lang='lat' dir='ltr'><strong>possm,-</strong></span> <span class='ocrx_word' id='word_1_328' title='bbox 910 3939 1105 3979; x_wconf 83' lang='lat' dir='ltr'><strong>Mediterraneum</strong></span> <span class='ocrx_word' id='word_1_329' title='bbox 1128 3935 1276 3987; x_wconf 73' lang='lat' dir='ltr'><strong>interjectum</strong></span> <span class='ocrx_word' id='word_1_330' title='bbox 1292 3936 1319 3977; x_wconf 88' lang='lat' dir='ltr'><strong>P.</strong></span> 
     </span>
     <span class='ocr_line' id='line_1_45' title="bbox 200 3990 679 4043; baseline 0.006 -11"><span class='ocrx_word' id='word_1_331' title='bbox 200 3990 221 4043; x_wconf 86' lang='lat' dir='ltr'><strong>c)</strong></span> <span class='ocrx_word' id='word_1_332' title='bbox 236 3993 303 4032; x_wconf 80' lang='lat' dir='ltr'><strong>Nilos</strong></span> <span class='ocrx_word' id='word_1_333' title='bbox 318 4003 375 4032; x_wconf 81' lang='lat' dir='ltr'><strong>corr.</strong></span> <span class='ocrx_word' id='word_1_334' title='bbox 391 3993 466 4034; x_wconf 82' lang='lat' dir='ltr'><strong>Nilus.</strong></span> <span class='ocrx_word' id='word_1_335' title='bbox 526 3990 549 4043; x_wconf 90' lang='lat' dir='ltr'><strong>d)</strong></span> <span class='ocrx_word' id='word_1_336' title='bbox 563 3998 614 4042; x_wconf 78' lang='lat' dir='ltr'><strong>port</strong></span> <span class='ocrx_word' id='word_1_337' title='bbox 628 3993 679 4035; x_wconf 77' lang='lat' dir='ltr'><strong>add.</strong></span> 
     </span>
    </p>
   </div>
   <div class='ocr_carea' id='block_1_11' title="bbox 199 4040 1319 4287">
    <p class='ocr_par' dir='ltr' id='par_1_14' title="bbox 199 4040 1319 4287">
     <span class='ocr_line' id='line_1_46' title="bbox 274 4040 1318 4142; baseline 0.004 -22"><span class='ocrx_word' id='word_1_338' title='bbox 274 4066 302 4135; x_wconf 88' lang='lat'><strong>1)</strong></span> <span class='ocrx_word' id='word_1_339' title='bbox 323 4069 364 4120; x_wconf 86' lang='lat' dir='ltr'><strong>cf.</strong></span> <span class='ocrx_word' id='word_1_340' title='bbox 376 4071 465 4121; x_wconf 74' lang='lat' dir='ltr'><strong>orosa</strong></span> <span class='ocrx_word' id='word_1_341' title='bbox 477 4068 528 4130; x_wconf 86' lang='lat'><strong>1.1‚</strong></span> <span class='ocrx_word' id='word_1_342' title='bbox 542 4086 565 4119; x_wconf 59' lang='grc' dir='ltr'><strong>ο.</strong></span> <span class='ocrx_word' id='word_1_343' title='bbox 577 4070 602 4121; x_wconf 82' lang='lat' dir='ltr'><strong>a.</strong></span> <span class='ocrx_word' id='word_1_344' title='bbox 669 4070 696 4140; x_wconf 76' lang='lat' dir='ltr'><strong>a)</strong></span> <span class='ocrx_word' id='word_1_345' title='bbox 715 4075 757 4123; x_wconf 78' lang='lat' dir='ltr'><strong>ax</strong></span> <span class='ocrx_word' id='word_1_346' title='bbox 769 4075 866 4127; x_wconf 78' lang='lat' dir='ltr'><strong>Isidor.</strong></span> <span class='ocrx_word' id='word_1_347' title='bbox 876 4077 964 4142; x_wconf 82' lang='lat' dir='ltr'><strong>Etym.</strong></span> <span class='ocrx_word' id='word_1_348' title='bbox 984 4075 1056 4137; x_wconf 81' lang='lat' dir='ltr'><strong>xiv,</strong></span> <span class='ocrx_word' id='word_1_349' title='bbox 1070 4073 1096 4136; x_wconf 88' lang='lat'><strong>4,</strong></span> <span class='ocrx_word' id='word_1_350' title='bbox 1107 4040 1154 4123; x_wconf 81' lang='lat' dir='ltr'><strong>as.</strong></span> <span class='ocrx_word' id='word_1_351' title='bbox 1230 4072 1259 4137; x_wconf 84' lang='lat' dir='ltr'><strong>a)</strong></span> <span class='ocrx_word' id='word_1_352' title='bbox 1274 4071 1318 4124; x_wconf 83' lang='lat' dir='ltr'><strong>cf.</strong></span> 
     </span>
     <span class='ocr_line' id='line_1_47' title="bbox 200 4142 1319 4215; baseline 0.002 -21"><span class='ocrx_word' id='word_1_353' title='bbox 200 4142 300 4194; x_wconf 78' lang='lat' dir='ltr'><strong>Caesar</strong></span> <span class='ocrx_word' id='word_1_354' title='bbox 312 4143 334 4205; x_wconf 90' lang='lat'><strong>1,</strong></span> <span class='ocrx_word' id='word_1_355' title='bbox 350 4143 374 4206; x_wconf 91' lang='lat'><strong>1,</strong></span> <span class='ocrx_word' id='word_1_356' title='bbox 394 4158 473 4209; x_wconf 88' lang='lat' dir='ltr'><strong>quem</strong></span> <span class='ocrx_word' id='word_1_357' title='bbox 492 4142 536 4193; x_wconf 87' lang='lat' dir='ltr'><strong>hic</strong></span> <span class='ocrx_word' id='word_1_358' title='bbox 555 4145 675 4210; x_wconf 85' lang='lat' dir='ltr'><strong>sequitur</strong></span> <span class='ocrx_word' id='word_1_359' title='bbox 693 4147 833 4212; x_wconf 84' lang='lat' dir='ltr'><strong>Richerus‚</strong></span> <span class='ocrx_word' id='word_1_360' title='bbox 852 4164 940 4215; x_wconf 86' lang='lat' dir='ltr'><strong>neque</strong></span> <span class='ocrx_word' id='word_1_361' title='bbox 958 4155 1048 4200; x_wconf 89' lang='lat' dir='ltr'><strong>tamen</strong></span> <span class='ocrx_word' id='word_1_362' title='bbox 1066 4151 1161 4214; x_wconf 86' lang='lat' dir='ltr'><strong>postea</strong></span> <span class='ocrx_word' id='word_1_363' title='bbox 1180 4146 1233 4197; x_wconf 80' lang='lat' dir='ltr'><strong>sibi</strong></span> <span class='ocrx_word' id='word_1_364' title='bbox 1254 4161 1319 4196; x_wconf 87' lang='lat' dir='ltr'><strong>con-</strong></span> 
     </span>
     <span class='ocr_line' id='line_1_48' title="bbox 199 4216 1318 4287; baseline 0.002 -20"><span class='ocrx_word' id='word_1_365' title='bbox 199 4221 260 4280; x_wconf 82' lang='lat' dir='ltr'><strong>stat,</strong></span> <span class='ocrx_word' id='word_1_366' title='bbox 279 4216 453 4282; x_wconf 83' lang='lat' dir='ltr'><strong>Aquitaniam</strong></span> <span class='ocrx_word' id='word_1_367' title='bbox 472 4216 506 4266; x_wconf 89' lang='lat' dir='ltr'><strong>ad</strong></span> <span class='ocrx_word' id='word_1_368' title='bbox 526 4216 644 4283; x_wconf 82' lang='lat' dir='ltr'><strong>Ligerim</strong></span> <span class='ocrx_word' id='word_1_369' title='bbox 663 4235 748 4286; x_wconf 87' lang='lat' dir='ltr'><strong>usque</strong></span> <span class='ocrx_word' id='word_1_370' title='bbox 768 4222 924 4274; x_wconf 83' lang='lat' dir='ltr'><strong>extendens.</strong></span> <span class='ocrx_word' id='word_1_371' title='bbox 944 4250 977 4259; x_wconf 93' lang='lat'>—</span> <span class='ocrx_word' id='word_1_372' title='bbox 998 4221 1064 4287; x_wconf 80' lang='lat' dir='ltr'><strong>Cap.</strong></span> <span class='ocrx_word' id='word_1_373' title='bbox 1085 4221 1109 4271; x_wconf 83' lang='lat'><strong>2.</strong></span> <span class='ocrx_word' id='word_1_374' title='bbox 1126 4220 1153 4268; x_wconf 83' lang='lat'><strong>3.</strong></span> <span class='ocrx_word' id='word_1_375' title='bbox 1173 4218 1318 4269; x_wconf 88' lang='lat' dir='ltr'><strong>Rkkehar·</strong></span> 
     </span>
    </p>
   </div>
   <div class='ocr_carea' id='block_1_12' title="bbox 198 4289 1320 4432">
    <p class='ocr_par' dir='ltr' id='par_1_15' title="bbox 198 4289 1320 4432">
     <span class='ocr_line' id='line_1_49' title="bbox 199 4289 1320 4358; baseline 0.003 -19"><span class='ocrx_word' id='word_1_376' title='bbox 199 4289 249 4341; x_wconf 81' lang='lat' dir='ltr'><strong>dus</strong></span> <span class='ocrx_word' id='word_1_377' title='bbox 267 4290 296 4339; x_wconf 88' lang='lat' dir='ltr'><strong>in</strong></span> <span class='ocrx_word' id='word_1_378' title='bbox 314 4290 424 4341; x_wconf 86' lang='lat' dir='ltr'><strong>historia</strong></span> <span class='ocrx_word' id='word_1_379' title='bbox 441 4291 548 4358; x_wconf 87' lang='lat' dir='ltr'><strong>Pippini</strong></span> <span class='ocrx_word' id='word_1_380' title='bbox 568 4297 595 4341; x_wconf 87' lang='lat' dir='ltr'><strong>et</strong></span> <span class='ocrx_word' id='word_1_381' title='bbox 609 4291 802 4345; x_wconf 87' lang='lat' dir='ltr'><strong>Karolomanni</strong></span> <span class='ocrx_word' id='word_1_382' title='bbox 820 4297 949 4347; x_wconf 86' lang='lat' dir='ltr'><strong>maiorum</strong></span> <span class='ocrx_word' id='word_1_383' title='bbox 972 4295 1065 4346; x_wconf 84' lang='lat' dir='ltr'><strong>domus</strong></span> <span class='ocrx_word' id='word_1_384' title='bbox 1083 4293 1185 4358; x_wconf 75' lang='lat' dir='ltr'><strong>regiae,</strong></span> <span class='ocrx_word' id='word_1_385' title='bbox 1206 4291 1256 4344; x_wconf 80' lang='lat' dir='ltr'><strong>SS.</strong></span> <span class='ocrx_word' id='word_1_386' title='bbox 1268 4293 1320 4355; x_wconf 86' lang='lat' dir='ltr'><strong>VI,</strong></span> 
     </span>
     <span class='ocr_line' id='line_1_50' title="bbox 198 4360 767 4432; baseline 0.012 -21"><span class='ocrx_word' id='word_1_387' title='bbox 198 4379 225 4428; x_wconf 91' lang='lat' dir='ltr'><strong>p.</strong></span> <span class='ocrx_word' id='word_1_388' title='bbox 241 4361 302 4432; x_wconf 81' lang='lat'><strong>158,</strong></span> <span class='ocrx_word' id='word_1_389' title='bbox 323 4365 472 4430; x_wconf 83' lang='lat' dir='ltr'><strong>exscripsit.</strong></span> <span class='ocrx_word' id='word_1_390' title='bbox 545 4360 576 4430; x_wconf 81' lang='lat'><strong>4)</strong></span> <span class='ocrx_word' id='word_1_391' title='bbox 595 4364 691 4417; x_wconf 88' lang='lat' dir='ltr'><strong>Isidor.</strong></span> <span class='ocrx_word' id='word_1_392' title='bbox 710 4366 729 4417; x_wconf 90' lang='lat' dir='ltr'><strong>l.</strong></span> <span class='ocrx_word' id='word_1_393' title='bbox 748 4366 767 4419; x_wconf 91' lang='lat' dir='ltr'><strong>l.</strong></span> 
     </span>
    </p>
   </div>
   <div class='ocr_carea' id='block_1_13' title="bbox 0 0 1428 4824">
    <p class='ocr_par' dir='ltr' id='par_1_16' title="bbox 0 0 1428 4824">
     <span class='ocr_line' id='line_1_51' title="bbox 0 0 1428 4824; baseline 0 0"><span class='ocrx_word' id='word_1_394' title='bbox 0 0 1428 4824; x_wconf 95' lang='lat' dir='ltr'><strong> </strong></span> 
     </span>
    </p>
   </div>
  </div>
 </body>
</html>
