2820 4824
350 383 502 435 RICHERI
520 381 770 434 HISTORIARUM
784 382 896 434 LIBER
914 383 980 434 1111.
1164 384 1215 432 149

107 551 217 637 ponite
246 549 419 631 dexteram,
448 549 544 614 fidem
573 557 683 614 contra
710 571 818 613 omnes
847 572 862 612 s
886 549 1010 615 ondeta.
1059 550 1149 615 Exco
1173 552 1277 616 ticam.

106 632 194 697 nulla
215 634 282 712 erit,
304 634 331 695 si
353 631 449 697 vultis
470 633 549 696 mihi
577 654 682 696 comes
710 633 797 698 fieri'.
839 572 895 697 Ille
925 634 974 697 sui
1001 635 1068 698 voti
1095 573 1217 718 avidus,

108 716 261 804 quicquid
283 719 442 802 expetitur
463 714 608 802 spondet.
642 718 766 802 Supera
781 727 891 781 sancta
905 717 1050 782 dextram
1065 719 1217 800 extendit,

106 824 173 866 non
192 802 312 864 veritus
341 800 445 864 iurare
496 799 697 885 uodcumque
722 801 921 885 propositum
946 803 1015 865 fuit.
1064 801 1159 866 Unde
1188 811 1219 866 et

107 885 229 949 cunctis
262 883 418 966 credulus,
449 823 527 947 nlllli
555 892 718 968 suspectus
745 883 813 947 fuit.
866 885 905 948 In
932 883 1018 948 nullo
1044 886 1173 1032 neglotio
1199 907 1218 949 a

106 990 234 1119 quoque
255 968 382 1032 vitatur.
418 968 470 1031 De
491 967 570 1031 urbe
591 965 763 1030 munienda
784 969 853 1052 ipse
876 970 980 1054 querit
1001 976 1032 1032 et
1054 969 1218 1033 deberat.

136 1075 260 1116 mnrum
282 1073 410 1115 causam
432 1052 617 1115 sciscitatur.
654 1051 717 1115 Pro
740 1051 886 1115 omnibus
909 1051 1073 1117 consultat.
1111 1053 1219 1133 Quare

104 1138 235 1222 ignotus
257 1137 408 1200 cunctosh
429 1135 529 1200 latuit

266 1273 316 1336 47.
361 1271 631 1358 Comprehensioc
652 1271 764 1337 Karoli
784 1270 825 1335 ab
847 1269 1059 1339 Adalberone.

189 1376 315 1440 Interea
343 1397 417 1443 cum
443 1373 555 1438 Karoli
582 1396 772 1460 suorumque
798 1373 941 1438 habiturn
968 1375 1093 1460 penitus
1105 1375 1219 1521 pervi-

105 1461 216 1540 disset,
250 1481 319 1523 sese
347 1459 442 1522 etiam
470 1457 549 1520 nulh
577 1480 646 1522 esse
675 1480 727 1521 sus
753 1466 865 1539 ectum,
899 1457 987 1522 dolos
1015 1456 1104 1521 multi
1118 1459 1218 1522 ariam

104 1541 324 1629 pretendebat,
346 1553 380 1607 ut
402 1551 433 1605 et
454 1542 566 1605 urbem
588 1540 649 1605 sibi
670 1482 815 1606 redderet
836 1552 867 1606 et
887 1541 1042 1605 Karolum
1063 1543 1132 1627 regi
1146 1563 1218 1627 cap-

104 1637 174 1691 tum
196 1626 343 1690 traderet.
386 1624 499 1688 Karoli
520 1626 626 1710 itaque
657 1624 813 1710 colloquio
843 1628 942 1690 utitur
968 1625 1103 1711 saepius,
1131 1624 1219 1690 beni-

103 1710 277 1776 volentiam
304 1708 426 1795 profert
446 1708 591 1794 amplius.
635 1709 712 1772 Sese
735 1730 871 1794 quoque,
893 1711 920 1772 si
942 1719 1094 1796 oporteat,
1116 1731 1218 1774 sacra-

104 1794 222 1858 mentis
251 1794 353 1878 magis
384 1793 461 1856 strin
485 1792 602 1856 endum
632 1793 738 1874 offert3
767 1803 855 1857 tanta
883 1792 1008 1857 cautela
1040 1791 1218 1858 calliditatis

103 1900 191 1958 usus,
214 1885 250 1939 ut
271 1877 399 1940 omnino
421 1815 529 1939 dolum
551 1875 758 1940 simulationis
780 1876 883 1940 colore
913 1876 1080 1941 obvelaret.
1124 1877 1219 1942 Unde

104 1983 181 2026 cum
202 1969 295 2024 nocte
318 1960 456 2045 quadam
477 1960 558 2023 inter
580 1960 757 2024 cenandum
774 1959 883 2023 hilaris
896 1961 1057 2042 resideret,
1078 1960 1218 2024 Karolus

104 2052 260 2108 craterem
281 2065 421 2124 aureum,
441 2044 476 2106 in
498 2065 560 2128 quo
582 2064 698 2127 panem
723 2042 894 2128 infregerat
924 2045 1062 2128 vinoque
1099 2053 1218 2128 tempe—

104 2136 242 2201 raverat,
265 2136 384 2207 tenens,
406 2136 479 2212 post
500 2125 633 2189 multum
649 2127 821 2210 cogitatum
836 2127 866 2189 ei
881 2124 1007 2191 obtulit:
1030 2127 1217 2209 ‘Quoniam

104 2211 263 2296 inquiens,
285 2216 336 2273 ‘ex
357 2220 485 2294 patrum
507 2209 640 2272 decretis
662 2208 784 2293 palmas
807 2218 838 2273 et
854 2209 981 2274 frondes
996 2209 1090 2272 hodie
1106 2211 1217 2274 sancti-

67 2309 70 2314 ·
103 2295 244 2359 ficastis¹
278 2304 372 2379 atque
403 2293 550 2378 plebemtl
583 2293 679 2356 sacris
707 2291 980 2356 benedictionibus
1010 2295 1217 2357 consecrastis

102 2380 262 2464 nobisque
294 2377 499 2441 eukaristiam
537 2376 743 2462 porrexistis,
786 2375 828 2439 ali
850 2399 964 2439 uorum
1012 2397 1217 2440 susurronum

104 2461 292 2543 calumnias,
315 2462 369 2546 qui
383 2460 474 2524 vobis
489 2459 653 2524 fidendum
667 2469 794 2544 negant,
808 2398 1016 2545 vilipendens,
1033 2481 1107 2523 cum
1121 2460 1217 2525 instet

105 2547 176 2610 dies
222 2547 353 2609 assionis
375 2544 496 2607 domini
518 2553 548 2606 et
570 2543 734 2607 salvatoris
761 2545 860 2608 nostri
881 2543 978 2606 Ihesu
999 2543 1126 2624 Christi,
1155 2543 1217 2606 hoc

105 2649 185 2693 vase
218 2651 269 2691 um
290 2638 413 2692 vestrae
436 2627 583 2711 dignitati
604 2637 734 2712 aptum⁰
762 2647 832 2689 cum
852 2629 925 2691 vino
941 2637 972 2690 et
985 2649 1068 2712 pane
1082 2627 1216 2692 infracto

105 2711 202 2777 vobis
246 2713 359 2797 orrigo.
392 2711 465 2774 Hoc
486 2709 635 2796 poculum
656 2712 690 2773 in
711 2716 802 2795 signo
816 2709 982 2776 habendae
997 2720 1028 2774 et
1043 2709 1216 2775 servandae

103 2795 183 2860 fidei
204 2735 331 2860 elibitc.
376 2795 411 2859 Si
432 2816 507 2858 vero
529 2795 625 2858 fidem
647 2817 774 2859 servare
795 2796 900 2858 animo
922 2816 987 2858 non
1009 2803 1079 2876 stat,
1101 2793 1216 2878 poculo

129 2879 237 2961 arcite,
268 2902 308 2944 ne
336 2879 525 2943 horrendam
554 2879 653 2942 Iudae
680 2878 850 2963 proditoris
883 2880 1022 2964 speciem
1053 2879 1215 2943 referatis’.

102 2903 179 3044 auo
204 2963 430 3046 respondente:
460 2960 632 3027 ‘Oraterem
653 2963 807 3046 recipiam
837 2973 868 3026 et
894 2972 1006 3048 potum
1032 2960 1130 3026 libere
1151 2959 1216 3026 ebi-

102 3045 207 3128 bam',
249 3047 387 3110 Karalus
409 3067 486 3109 mox
507 3056 703 3130 prosecutuS,
725 3045 907 3108 addendum
930 3047 1025 3108 dixit:
1056 3051 1097 3109 ‘et
1117 3044 1215 3109 fidem

101 3130 238 3194 faciam'.
280 3129 337 3194 Ille
359 3129 489 3194 ebibens
511 3140 696 3213 prosecutus
717 3138 778 3192 est:
808 3134 849 3191 ‘et
869 3128 966 3192 fidem
987 3128 1118 3211 faciam3
1140 3128 1215 3192 alic-

103 3215 182 3300 quin
205 3234 278 3276 eum
298 3213 380 3276 Iuda
401 3213 578 3277 inteream'!
614 3211 658 3275 Et
678 3210 777 3274 multa
798 3211 847 3274 his
869 3210 984 3273 similia
1005 3211 1214 3275 anathematis

101 3296 204 3361 verba
236 3298 421 3362 cenantibus
451 3295 547 3360 dedit.
600 3295 674 3358 Nox
701 3294 800 3358 futuri
827 3292 929 3357 luctus
962 3304 993 3357 et
1024 3294 1214 3378 proditionis

102 3382 234 3444 conseia
253 3380 400 3444 instabat.
444 3380 595 3460 Quietum
616 3379 662 3443 ire
684 3379 890 3442 constitutum
912 3387 959 3440 est
979 3376 1214 3463 dormitumque

100 3465 138 3526 in
158 3485 262 3528 mane.
305 3463 465 3528 Adalbero
488 3463 536 3525 sui
557 3461 622 3526 dcli
643 3463 798 3540 conscius,
820 3459 1068 3524 dormientibusf
1092 3460 1214 3525 Karolo

101 3556 135 3612 et
156 3546 306 3626 Arnulfo,
335 3546 458 3633 gladios
486 3555 517 3610 et
546 3569 634 3610 arma
659 3568 679 3608 a
704 3544 861 3630 capitibus
883 3566 992 3608 eorum
1012 3546 1132 3609 amovit
1144 3543 1214 3608 lati-

99 3630 251 3716 bulisque
279 3629 451 3695 mandavit.
494 3629 691 3694 Hostiarium
719 3628 813 3691 huius
842 3626 907 3691 doli
931 3629 1080 3712 ignarum
1107 3649 1213 3692 accer-

99 3715 198 3797 siens,
221 3736 348 3778 cursum
369 3712 545 3778 accelerare
567 3722 598 3778 et
620 3711 778 3798 quendam
801 3733 928 3775 suorum
943 3713 1097 3776 accersire
1111 3712 1212 3795 iubet,

99 3800 221 3862 ostium
254 3821 322 3863 sese
354 3807 551 3862 servatrnum
582 3797 708 3860 interim
740 3794 900 3881 pollicens.
956 3795 1027 3876 Quo
1060 3795 1213 3880 digresse,

96 3879 266 3946 Adalbero
286 3883 320 3945 in
340 3883 411 3966 ipso
435 3882 514 3945 ostio
537 3903 605 3945 sese
626 3879 767 3944 medium
786 3879 867 3961 tixit,
888 3878 1030 3965 gladium
1051 3879 1110 3944 sub
1125 3888 1213 3945 veste

162 4070 186 4123 a)
203 4071 262 4111 Nam
278 4083 349 4122 super
365 4074 384 4114 1.
456 4071 480 4123 b)
496 4073 583 4111 cunctis
601 4073 620 4112 1.
687 4068 708 4121 c)
724 4071 805 4110 hensio
821 4071 877 4113 abac.
946 4069 969 4122 d)
985 4071 1096 4121 populum
1104 4081 1211 4120 superscr.

94 4131 202 4184 plebem.
263 4130 285 4183 e)
301 4135 365 4181 ptum
380 4142 436 4172 corr.
453 4134 538 4180 aptum.
597 4129 615 4181 f)
630 4129 751 4169 dormienti
767 4131 788 4171 l.

178 4269 207 4337 1)
226 4273 369 4323 Dominica
387 4270 533 4338 palmarum
552 4270 639 4331 (Mart.
660 4266 706 4332 29)
724 4268 838 4318 indicari
856 4267 972 4322 videtur.
1006 4265 1061 4317 Alii
1081 4267 1113 4317 dc
1129 4281 1212 4317 coena

93 4345 213 4400 Domini
234 4346 392 4410 cogitarunt.
431 4343 472 4395 Of.
492 4342 622 4393 Wilmans
641 4359 667 4408 p.
689 4340 748 4391 168.
